"Count","Tradelist Count","Name","Edition","Condition","Language","Foil","Tags","Last Modified","Collector Number","Alter","Proxy","Purchase Price"
"1","1","A Little Chat","snc","Near Mint","English","","","2025-08-06 14:22:43.397000","47","False","False","0.35"
"1","1","Abandon Reason","emn","Near Mint","English","","","2025-08-06 14:22:43.397000","115","False","False","0.35"
"1","1","Abandon the Post","mid","Near Mint","English","","","2025-08-06 14:22:43.397000","127","False","False","0.35"
"1","1","Abandoned Sarcophagus","c20","Near Mint","English","","","2025-08-06 14:22:43.397000","236","False","False","0.49"
"1","1","Aberrant Researcher // Perfected Form","soi","Near Mint","English","","","2025-08-06 14:22:43.397000","49","False","False","0.35"
"1","1","Abhorrent Overlord","ths","Near Mint","English","","","2025-08-06 14:22:43.397000","75","False","False","0.79"
"2","2","Abnormal Endurance","m19","Near Mint","English","","","2025-08-06 14:22:43.397000","85","False","False","0.35"
"2","2","Abomination of Gudul","ktk","Near Mint","English","","","2025-08-06 14:22:43.397000","159","False","False","0.35"
"1","1","Abrade","fdn","Near Mint","English","","","2025-08-06 14:22:43.397000","188","False","False","0.35"
"2","2","Abrade","vow","Near Mint","English","","","2025-08-06 14:22:43.397000","139","False","False","0.35"
"1","1","Abrupt Decay","gk1","Near Mint","English","","","2025-08-06 14:22:43.397000","57","False","False","1.99"
"1","1","Absorb Vis","cn2","Near Mint","English","","","2025-08-06 14:22:43.397000","126","False","False","0.35"
"2","2","Abstruse Interference","ogw","Near Mint","English","","","2025-08-06 14:22:43.397000","40","False","False","0.35"
"1","1","Abundant Growth","dmc","Near Mint","English","","","2025-08-06 14:22:43.397000","128","False","False","0.49"
"1","1","Abzan Advantage","frf","Near Mint","English","","","2025-08-06 14:22:43.397000","2","False","False","0.35"
"1","1","Abzan Ascendancy","2x2","Near Mint","English","","","2025-08-06 14:22:43.397000","165","False","False","0.49"
"1","1","Abzan Banner","ktk","Near Mint","English","","","2025-08-06 14:22:43.397000","215","False","False","0.35"
"2","2","Abzan Battle Priest","moc","Near Mint","English","","","2025-11-02 16:31:31.997000","164","False","False","0.35"
"1","1","Abzan Beastmaster","frf","Near Mint","English","","","2025-08-06 14:22:43.397000","119","False","False","0.35"
"1","1","Abzan Charm","dmc","Near Mint","English","","","2025-08-06 14:22:43.397000","138","False","False","0.35"
"1","1","Abzan Devotee","tdm","Near Mint","English","","","2025-08-25 14:25:56.900000","68","False","False","0.35"
"5","5","Abzan Falconer","moc","Near Mint","English","","","2025-11-02 18:21:23.640000","165","False","False","0.35"
"2","2","Abzan Guide","ktk","Near Mint","English","","","2025-08-06 14:22:43.397000","162","False","False","0.35"
"3","3","Abzan Kin-Guard","frf","Near Mint","English","","","2025-08-06 14:22:43.397000","120","False","False","0.35"
"1","1","Abzan Runemark","frf","Near Mint","English","","","2025-08-06 14:22:43.397000","3","False","False","0.35"
"1","1","Abzan Skycaptain","frf","Near Mint","English","","","2025-08-06 14:22:43.397000","4","False","False","0.35"
"1","1","Academic Dispute","stx","Near Mint","English","","","2025-08-06 14:22:43.397000","91","False","False","0.35"
"1","1","Academic Probation","stx","Near Mint","English","","","2025-08-06 14:22:43.397000","7","False","False","0.49"
"1","1","Academy Drake","dom","Near Mint","English","","","2025-08-06 14:22:43.397000","40","False","False","0.35"
"1","1","Academy Journeymage","dom","Near Mint","English","","","2025-08-06 14:22:43.397000","41","False","False","0.35"
"1","1","Acclaimed Contender","moc","Near Mint","English","","","2025-08-06 14:22:43.397000","166","False","False","0.49"
"2","2","Accomplished Automaton","2xm","Near Mint","English","","","2025-08-06 14:22:43.397000","230","False","False","0.35"
"1","1","Accorder Paladin","mbs","Near Mint","English","","","2025-08-06 14:22:43.397000","1","False","False","0.35"
"1","1","Accumulated Knowledge","a25","Near Mint","English","","","2025-08-06 14:22:43.397000","40","False","False","0.49"
"1","1","Accursed Horde","hou","Near Mint","English","","","2025-08-06 14:22:43.397000","56","False","False","0.35"
"3","3","Accursed Spirit","m15","Near Mint","English","","","2025-08-06 14:22:43.397000","85","False","False","0.35"
"1","1","Accursed Witch // Infectious Curse","soi","Near Mint","English","","","2025-08-06 14:22:43.397000","97","False","False","0.35"
"1","1","Acidic Slime","m3c","Near Mint","English","","","2025-08-06 14:22:43.397000","218","False","False","0.35"
"1","1","Acidic Sliver","sth","Near Mint","English","","","2025-08-06 14:22:43.397000","126","False","False","0.49"
"2","2","Acid-Spewer Dragon","dtk","Near Mint","English","","","2025-08-06 14:22:43.397000","86","False","False","0.35"
"2","2","Acolyte of the Inferno","ori","Near Mint","English","","","2025-08-06 14:22:43.397000","128","False","False","0.35"
"1","1","Act of Heroism","a25","Near Mint","English","","","2025-08-06 14:22:43.397000","1","False","False","0.35"
"1","1","Act of Treason","gtc","Near Mint","English","","","2025-08-06 14:22:43.397000","85","False","False","0.35"
"2","2","Act on Impulse","m15","Near Mint","English","","","2025-08-06 14:22:43.397000","126","False","False","0.35"
"1","1","Active Volcano","chr","Near Mint","English","","","2025-11-02 18:59:22.753000","43","False","False","0.35"
"1","1","Adamant Will","dom","Near Mint","English","","","2025-08-06 14:22:43.397000","2","False","False","0.35"
"2","2","Adanto Vanguard","xln","Near Mint","English","","","2025-08-06 14:22:43.397000","1","False","False","0.35"
"1","1","Adaptive Automaton","2xm","Near Mint","English","","","2025-08-06 14:22:43.397000","231","False","False","3.49"
"2","2","Adaptive Snapjaw","gtc","Near Mint","English","","","2025-08-06 14:22:43.397000","113","False","False","0.35"
"1","1","Adarkar Valkyrie","c18","Near Mint","English","","","2025-08-06 14:22:43.397000","60","False","False","1.49"
"3","3","Addle","inv","Near Mint","English","","","2025-08-06 14:22:43.397000","91","False","False","0.35"
"1","1","Adeliz, the Cinder Wind","dom","Near Mint","English","","","2025-08-06 14:22:43.397000","190","False","False","0.35"
"1","1","Admonition Angel","znc","Near Mint","English","","","2025-08-06 14:22:43.397000","10","False","False","0.99"
"1","1","Adorned Pouncer","hou","Near Mint","English","","","2025-08-06 14:22:43.397000","2","False","False","0.99"
"1","1","Adrix and Nev, Twincasters","mkc","Near Mint","English","","","2025-08-06 14:22:43.397000","198","False","False","4.99"
"1","1","Adult Gold Dragon","afr","Near Mint","English","","","2025-08-06 14:22:43.397000","216","False","False","0.49"
"2","2","Advanced Hoverguard","5dn","Near Mint","English","","","2025-08-06 14:22:43.397000","22","False","False","0.35"
"1","1","Advanced Stitchwing","2x2","Near Mint","English","","","2025-08-06 14:22:43.397000","36","False","False","0.35"
"2","2","Advent of the Wurm","gk1","Near Mint","English","","","2025-08-06 14:22:43.397000","107","False","False","0.49"
"1","1","Adventure Awaits","znr","Near Mint","English","","","2025-08-06 14:22:43.397000","177","False","False","0.35"
"1","1","Adventurous Impulse","sta","Near Mint","English","","","2025-08-06 14:22:43.397000","49","False","False","0.35"
"1","1","Adverse Conditions","bfz","Near Mint","English","","","2025-08-06 14:22:43.397000","54","False","False","0.35"
"1","1","Advocate of the Beast","m14","Near Mint","English","","","2025-08-06 14:22:43.397000","164","False","False","0.35"
"2","2","Aegis of the Heavens","m19","Near Mint","English","","","2025-08-06 14:22:43.397000","1","False","False","0.35"
"1","1","Aeon Engine","c19","Near Mint","English","","","2025-08-06 14:22:43.397000","52","False","False","0.49"
"1","1","Aerial Engineer","m19","Near Mint","English","","","2025-08-06 14:22:43.397000","211","False","False","0.35"
"2","2","Aerial Formation","jou","Near Mint","English","","","2025-08-06 14:22:43.397000","30","False","False","0.35"
"1","1","Aerial Guide","hou","Near Mint","English","","","2025-08-06 14:22:43.397000","29","False","False","0.35"
"2","2","Aerial Maneuver","gtc","Near Mint","English","","","2025-08-06 14:22:43.397000","1","False","False","0.35"
"1","1","Aerial Modification","aer","Near Mint","English","","","2025-08-06 14:22:43.397000","1","False","False","0.35"
"2","2","Aerial Predation","ima","Near Mint","English","","","2025-08-06 14:22:43.397000","154","False","False","0.35"
"2","2","Aerial Volley","ori","Near Mint","English","","","2025-08-06 14:22:43.397000","168","False","False","0.35"
"4","4","Aerie Bowmasters","dtk","Near Mint","English","","","2025-08-06 14:22:43.397000","170","False","False","0.35"
"1","1","Aerie Worshippers","bng","Near Mint","English","","","2025-08-06 14:22:43.397000","30","False","False","0.35"
"2","2","Aerith Rescue Mission","fin","Near Mint","English","","","2025-08-25 14:25:56.900000","5","False","False","0.35"
"1","1","Aeronaut Cavalry","bro","Near Mint","English","","","2025-08-06 14:22:43.397000","1","False","False","0.35"
"2","2","Aeronaut Tinkerer","m15","Near Mint","English","","","2025-08-06 14:22:43.397000","43","False","False","0.35"
"1","1","Aether Burst","ody","Near Mint","English","","","2025-08-06 14:22:43.397000","60","False","False","0.35"
"4","4","Aether Hub","m3c","Near Mint","English","","","2025-08-06 14:22:43.397000","317","False","False","0.35"
"2","2","Aether Meltdown","kld","Near Mint","English","","","2025-08-06 14:22:43.397000","36","False","False","0.35"
"1","1","Aether Spellbomb","mma","Near Mint","English","","","2025-08-06 14:22:43.397000","196","False","False","0.35"
"2","2","Aether Theorist","kld","Near Mint","English","","","2025-08-06 14:22:43.397000","37","False","False","0.35"
"1","1","Aether Tradewinds","kld","Near Mint","English","","","2025-08-06 14:22:43.397000","38","False","False","0.35"
"2","2","Aether Tunnel","m19","Near Mint","English","","","2025-08-06 14:22:43.397000","43","False","False","0.99"
"1","1","Aether Vial","dst","Near Mint","English","","","2025-08-06 14:22:43.397000","91","False","False","7.49"
"1","1","Aetherborn Marauder","otc","Near Mint","English","","","2025-08-06 14:22:43.397000","125","False","False","0.35"
"1","1","Aethergeode Miner","m3c","Near Mint","English","","","2025-08-06 14:22:43.397000","163","False","False","0.49"
"4","4","Aetherize","znc","Near Mint","English","","","2025-09-10 19:09:11.433000","23","False","False","0.59"
"1","1","Aethermage's Touch","2x2","Near Mint","English","","","2025-08-06 14:22:43.397000","167","False","False","0.35"
"2","2","Aethershield Artificer","m19","Near Mint","English","","","2025-08-06 14:22:43.397000","2","False","False","0.35"
"1","1","Aethersnipe","2x2","Near Mint","English","","","2025-08-06 14:22:43.397000","37","False","False","0.35"
"4","4","Aetherstorm Roc","m3c","Near Mint","English","","","2025-08-06 14:22:43.397000","164","False","False","0.49"
"1","1","Aethertorch Renegade","kld","Near Mint","English","","","2025-08-06 14:22:43.397000","106","False","False","0.35"
"1","1","Aethertow","mm3","Near Mint","English","","","2025-08-06 14:22:43.397000","205","False","False","0.35"
"1","1","Afflict","10e","Near Mint","English","","","2025-08-06 14:22:43.397000","125","False","False","0.35"
"1","1","Afterburner Expert","dft","Near Mint","English","","","2025-08-25 14:25:56.900000","150","False","False","0.49"
"3","3","Aftershock","tmp","Near Mint","English","","","2025-08-06 14:22:43.397000","160","False","False","0.35"
"3","3","Agent of Erebos","jou","Near Mint","English","","","2025-08-06 14:22:43.397000","59","False","False","0.35"
"3","3","Agent of Horizons","ths","Near Mint","English","","","2025-08-06 14:22:43.397000","148","False","False","0.35"
"1","1","Agent of Kotis","tdm","Near Mint","English","","","2025-08-25 14:25:56.900000","36","False","False","0.35"
"1","1","Aggressive Sabotage","dmu","Near Mint","English","","","2025-08-06 14:22:43.397000","78","False","False","0.35"
"2","2","Aggressive Urge","rix","Near Mint","English","","","2025-08-06 14:22:43.397000","122","False","False","0.35"
"2","2","Agitator Ant","mkc","Near Mint","English","","","2025-08-06 14:22:43.397000","145","False","False","0.49"
"1","1","Agonizing Demise","inv","Near Mint","English","","","2025-08-06 14:22:43.397000","92","False","False","0.35"
"1","1","Agoraphobia","ddm","Near Mint","English","","","2025-08-06 14:22:43.397000","22","False","False","0.35"
"2","2","Agrus Kos, Wojek Veteran","gk1","Near Mint","English","","","2025-08-06 14:22:43.397000","83","False","False","0.69"
"1","1","Ahn-Crop Champion","akh","Near Mint","English","","","2025-08-06 14:22:43.397000","194","False","False","0.35"
"1","1","Ahriman","fin","Near Mint","English","","","2025-08-25 14:25:56.900000","87","False","False","0.35"
"1","1","Aid the Fallen","war","Near Mint","English","","","2025-08-06 14:22:43.397000","76","False","False","0.35"
"1","1","Aim for the Head","vow","Near Mint","English","","","2025-08-06 14:22:43.397000","92","False","False","0.35"
"1","1","Aim High","bbd","Near Mint","English","","","2025-08-06 14:22:43.397000","189","False","False","0.35"
"3","3","Ainok Artillerist","dtk","Near Mint","English","","","2025-08-06 14:22:43.397000","171","False","False","0.35"
"3","3","Ainok Bond-Kin","cmm","Near Mint","English","","","2025-08-06 14:22:43.397000","7","False","False","0.35"
"2","2","Ainok Guide","frf","Near Mint","English","","","2025-08-06 14:22:43.397000","121","False","False","0.35"
"2","2","Ainok Survivalist","mkc","Near Mint","English","","","2025-08-06 14:22:43.397000","165","False","False","0.35"
"4","4","Air Bladder","nem","Near Mint","English","","","2025-08-06 14:22:43.397000","28","False","False","0.35"
"1","1","Air Elemental","btd","Near Mint","English","","","2025-08-06 14:22:43.397000","1","False","False","0.35"
"1","1","Air Servant","w16","Near Mint","English","","","2025-08-06 14:22:43.397000","4","False","False","0.35"
"2","2","Air-Cult Elemental","afr","Near Mint","English","","","2025-08-06 14:22:43.397000","45","False","False","0.35"
"1","1","Airlift Chaplain","bro","Near Mint","English","","","2025-08-06 14:22:43.397000","2","False","False","0.35"
"1","1","Airship Crash","fin","Near Mint","English","","","2025-08-25 14:25:56.900000","171","False","False","0.35"
"2","2","Ajani Unyielding","ncc","Near Mint","English","","","2025-08-06 14:22:43.397000","324","False","False","0.99"
"1","1","Ajani, the Greathearted","war","Near Mint","English","","","2025-08-06 14:22:43.397000","184","False","False","1.49"
"1","1","Ajani's Chosen","woc","Near Mint","English","","","2025-08-06 14:22:43.397000","59","False","False","0.79"
"5","5","Ajani's Mantra","ddh","Near Mint","English","","","2025-08-06 14:22:43.397000","22","False","False","0.49"
"1","1","Ajani's Pridemate","m19","Near Mint","English","","","2025-08-06 14:22:43.397000","5","False","False","0.35"
"1","1","Ajani's Pridemate","clu","Near Mint","English","","","2025-08-06 14:22:43.397000","52","False","False","0.35"
"1","1","Ajani's Welcome","m19","Near Mint","English","","","2025-11-02 18:54:11.840000","6","False","False","4.99"
"1","1","Akim, the Soaring Wind","c20","Near Mint","English","","","2025-08-06 14:22:43.397000","6","False","False","1.99"
"1","1","Akki Avalanchers","chk","Near Mint","English","","","2025-08-06 14:22:43.397000","151","False","False","0.35"
"1","1","Akki Ember-Keeper","neo","Near Mint","English","","","2025-08-06 14:22:43.397000","130","False","False","0.35"
"1","1","Akki Raider","bok","Near Mint","English","","","2025-08-06 14:22:43.397000","92","False","False","0.35"
"1","1","Akki Rockspeaker","chk","Near Mint","English","","","2025-08-06 14:22:43.397000","154","False","False","0.35"
"1","1","Akki Ronin","neo","Near Mint","English","","","2025-08-06 14:22:43.397000","319","False","False","0.35"
"1","1","Akki Ronin","neo","Near Mint","English","","","2025-08-06 14:22:43.397000","131","False","False","0.35"
"2","2","Akoum Flameseeker","ogw","Near Mint","English","","","2025-08-06 14:22:43.397000","101","False","False","0.35"
"1","1","Akoum Hellkite","bfz","Near Mint","English","","","2025-08-06 14:22:43.397000","139","False","False","0.49"
"1","1","Akoum Refuge","c19","Near Mint","English","","","2025-08-06 14:22:43.397000","226","False","False","0.35"
"1","1","Akoum Warrior // Akoum Teeth","znr","Near Mint","English","","","2025-08-06 14:22:43.397000","134","False","False","0.35"
"1","1","Akroan Conscriptor","bng","Near Mint","English","","","2025-08-06 14:22:43.397000","87","False","False","0.35"
"1","1","Akroan Hoplite","cn2","Near Mint","English","","","2025-08-06 14:22:43.397000","197","False","False","0.35"
"3","3","Akroan Horse","c16","Near Mint","English","","","2025-08-06 14:22:43.397000","241","False","False","1.29"
"1","1","Akroan Line Breaker","jou","Near Mint","English","","","2025-08-06 14:22:43.397000","88","False","False","0.35"
"1","1","Akroan Mastiff","jou","Near Mint","English","","","2025-08-06 14:22:43.397000","3","False","False","0.35"
"1","1","Akroan Sergeant","ori","Near Mint","English","","","2025-08-06 14:22:43.397000","130","False","False","0.35"
"3","3","Akroma's Vengeance","cma","Near Mint","English","","","2025-08-06 14:22:43.397000","2","False","False","0.69"
"1","1","Alabaster Wall","mmq","Near Mint","English","","","2025-08-06 14:22:43.397000","2","False","False","0.35"
"1","1","Alacrian Jaguar","dft","Near Mint","English","","","2025-08-25 14:25:56.900000","152","False","False","0.35"
"3","3","Alchemist's Greeting","c19","Near Mint","English","","","2025-08-06 14:22:43.397000","133","False","False","0.35"
"1","1","Alchemist's Retrieval","vow","Near Mint","English","","","2025-08-06 14:22:43.397000","47","False","False","0.35"
"1","1","Alchemist's Vial","ori","Near Mint","English","","","2025-08-06 14:22:43.397000","220","False","False","0.35"
"1","1","Alesha's Legacy","tdm","Near Mint","English","","","2025-08-25 14:25:56.900000","72","False","False","0.35"
"1","1","Alesha's Vanguard","frf","Near Mint","English","","","2025-08-06 14:22:43.397000","60","False","False","0.35"
"1","1","Algae Gharial","mm2","Near Mint","English","","","2025-08-06 14:22:43.397000","137","False","False","0.35"
"2","2","Aligned Hedron Network","bfz","Near Mint","English","","","2025-08-06 14:22:43.397000","222","False","False","0.49"
"1","1","Alive // Well","dgm","Near Mint","English","","","2025-08-06 14:22:43.397000","121","False","False","0.35"
"2","2","Allied Reinforcements","ogw","Near Mint","English","","","2025-08-06 14:22:43.397000","15","False","False","0.35"
"2","2","Allied Strategies","dde","Near Mint","English","","","2025-08-06 14:22:43.397000","63","False","False","0.35"
"1","1","Alloy Golem","inv","Near Mint","English","","","2025-08-06 14:22:43.397000","297","False","False","0.35"
"1","1","Alloy Myr","mm2","Near Mint","English","","","2025-08-06 14:22:43.397000","201","False","False","0.99"
"1","1","Alluring Siren","m12","Near Mint","English","","","2025-08-06 14:22:43.397000","42","False","False","0.35"
"1","1","Alluring Suitor // Deadly Dancer","vow","Near Mint","English","","","2025-08-06 14:22:43.397000","300","False","False","0.35"
"3","3","Ally Encampment","bfz","Near Mint","English","","","2025-08-06 14:22:43.397000","228","False","False","0.49"
"1","1","Alms Collector","cmm","Near Mint","English","","","2025-08-06 14:22:43.397000","10","False","False","1.29"
"1","1","Alpha Deathclaw","pip","Near Mint","English","","","2025-08-25 14:25:56.900000","91","False","False","0.59"
"1","1","Alpha Kavu","pls","Near Mint","English","","","2025-08-06 14:22:43.397000","77","False","False","0.35"
"1","1","Alpha Myr","mrd","Near Mint","English","","","2025-08-06 14:22:43.397000","142","False","False","0.35"
"1","1","Alpine Moon","m19","Near Mint","English","","","2025-08-06 14:22:43.397000","128","False","False","0.59"
"2","2","Altac Bloodseeker","m15","Near Mint","English","","","2025-08-06 14:22:43.397000","128","False","False","0.35"
"1","1","Altar Golem","eve","Near Mint","English","","","2025-08-06 14:22:43.397000","166","False","False","0.99"
"1","1","Altar's Reap","cn2","Near Mint","English","","","2025-08-06 14:22:43.397000","127","False","False","0.35"
"1","1","Altered Ego","soi","Near Mint","English","","","2025-08-06 14:22:43.397000","241","False","False","1.79"
"1","1","Always Watching","soi","Near Mint","English","","","2025-08-06 14:22:43.397000","1","False","False","1.29"
"1","1","Ambition's Cost","moc","Near Mint","English","","","2025-08-06 14:22:43.397000","246","False","False","0.39"
"1","1","Ambitious Aetherborn","kld","Near Mint","English","","","2025-08-06 14:22:43.397000","72","False","False","0.35"
"2","2","Ambulatory Edifice","one","Near Mint","English","","","2025-08-06 14:22:43.397000","79","False","False","0.35"
"3","3","Ambuscade","2x2","Near Mint","English","","","2025-08-06 14:22:43.397000","133","False","False","0.35"
"2","2","Ambuscade Shaman","dtk","Near Mint","English","","","2025-08-06 14:22:43.397000","87","False","False","0.35"
"2","2","Ambush Krotiq","frf","Near Mint","English","","","2025-08-06 14:22:43.397000","122","False","False","0.35"
"1","1","Ambush Paratrooper","bro","Near Mint","English","","","2025-08-06 14:22:43.397000","3","False","False","0.35"
"1","1","Aminatou's Augury","cmm","Near Mint","English","","","2025-08-06 14:22:43.397000","73","False","False","0.49"
"1","1","Amoeboid Changeling","lrw","Near Mint","English","","","2025-08-06 14:22:43.397000","51","False","False","0.99"
"3","3","Amphin Pathmage","m15","Near Mint","English","","","2025-08-06 14:22:43.397000","45","False","False","0.35"
"1","1","Amplifire","rna","Near Mint","English","","","2025-08-06 14:22:43.397000","92","False","False","0.49"
"2","2","Ampryn Tactician","ori","Near Mint","English","","","2025-08-06 14:22:43.397000","2","False","False","0.35"
"1","1","Ana Sanctuary","apc","Near Mint","English","","","2025-08-06 14:22:43.397000","74","False","False","0.35"
"2","2","Anaba Bodyguard","6ed","Near Mint","English","","","2025-08-06 14:22:43.397000","164","False","False","0.35"
"1","1","Anaba Shaman","9ed","Near Mint","English","","","2025-08-06 14:22:43.397000","172","False","False","0.35"
"1","1","Anaconda","usg","Near Mint","English","","","2025-08-06 14:22:43.397000","232","False","False","0.35"
"1","1","Anafenza, the Foremost","ktk","Near Mint","English","","","2025-08-06 14:22:43.397000","163","False","False","0.99"
"1","1","Anarchist","9ed","Near Mint","English","","","2025-08-06 14:22:43.397000","173","False","False","0.35"
"3","3","Anax and Cymede","ths","Near Mint","English","","","2025-08-06 14:22:43.397000","186","False","False","0.49"
"1","1","Ancestor's Chosen","jud","Near Mint","English","","","2025-08-06 14:22:43.397000","1","False","False","0.35"
"1","1","Ancestral Anger","vow","Near Mint","English","","","2025-08-06 14:22:43.397000","142","False","False","0.35"
"2","2","Ancestral Katana","neo","Near Mint","English","","","2025-08-06 14:22:43.397000","1","False","False","0.35"
"1","1","Ancestral Knowledge","wth","Near Mint","English","","","2025-08-06 14:22:43.397000","32","False","False","4.99"
"5","5","Ancestral Statue","dtk","Near Mint","English","","","2025-08-06 14:22:43.397000","234","False","False","0.35"
"1","1","Ancestral Vengeance","frf","Near Mint","English","","","2025-08-06 14:22:43.397000","61","False","False","0.35"
"4","4","Anchor to the Aether","ori","Near Mint","English","","","2025-08-06 14:22:43.397000","44","False","False","0.35"
"1","1","Ancient Adamantoise","fin","Near Mint","English","","","2025-08-25 14:25:56.900000","172","False","False","5.49"
"1","1","Ancient Animus","cmr","Near Mint","English","","","2025-08-06 14:22:43.397000","215","False","False","0.35"
"1","1","Ancient Craving","p02","Near Mint","English","","","2025-08-06 14:22:43.397000","62","False","False","4.99"
"1","1","Ancient Craving","voc","Near Mint","English","","","2025-08-06 14:22:43.397000","117","False","False","0.49"
"1","1","Ancient Excavation","cm2","Near Mint","English","","","2025-08-06 14:22:43.397000","150","False","False","2.29"
"1","1","Ancient Hydra","nem","Near Mint","English","","","2025-08-06 14:22:43.397000","76","False","False","0.35"
"2","2","Ancient Silverback","m15","Near Mint","English","","","2025-08-06 14:22:43.397000","168","False","False","0.35"
"1","1","Ancient Vendetta","dft","Near Mint","English","","","2025-08-25 14:25:56.900000","75","False","False","0.35"
"1","1","Ancient Ziggurat","con","Near Mint","English","","","2025-08-06 14:22:43.397000","141","False","False","3.49"
"1","1","Angel of Despair","gk2","Near Mint","English","","","2025-08-06 14:22:43.397000","37","False","False","1.99"
"1","1","Angel of Finality","fdn","Near Mint","English","","","2025-08-06 14:22:43.397000","136","False","False","0.35"
"1","1","Angel of Glory's Rise","avr","Near Mint","English","","","2025-08-06 14:22:43.397000","1","False","False","0.59"
"1","1","Angel of Mercy","inv","Near Mint","English","","","2025-08-06 14:22:43.397000","2","False","False","0.35"
"3","3","Angel of Renewal","bfz","Near Mint","English","","","2025-08-06 14:22:43.397000","18","False","False","0.35"
"3","3","Angel of Salvation","moc","Near Mint","English","","","2025-08-06 14:22:43.397000","170","False","False","0.49"
"2","2","Angel of Serenity","c21","Near Mint","English","","","2025-08-06 14:22:43.397000","83","False","False","1.29"
"1","1","Angel of the Dawn","cmr","Near Mint","English","","","2025-08-06 14:22:43.397000","6","False","False","0.35"
"2","2","Angelfire Crusader","apc","Near Mint","English","","","2025-08-06 14:22:43.397000","1","False","False","0.35"
"2","2","Angelic Chorus","bbd","Near Mint","English","","","2025-08-06 14:22:43.397000","87","False","False","4.49"
"1","1","Angelic Edict","fdn","Near Mint","English","","","2025-08-06 14:22:43.397000","490","False","False","0.39"
"1","1","Angelic Exaltation","rvr","Near Mint","English","","","2025-08-06 14:22:43.397000","2","False","False","0.35"
"2","2","Angelic Favor","nem","Near Mint","English","","","2025-08-06 14:22:43.397000","1","False","False","0.35"
"1","1","Angelic Gift","afc","Near Mint","English","","","2025-08-06 14:22:43.397000","64","False","False","0.35"
"2","2","Angelic Purge","soi","Near Mint","English","","","2025-08-06 14:22:43.397000","3","False","False","0.35"
"1","1","Angel's Feather","dvd","Near Mint","English","","","2025-08-06 14:22:43.397000","23","False","False","0.35"
"1","1","Angelsong","dvd","Near Mint","English","","","2025-08-06 14:22:43.397000","15","False","False","0.49"
"2","2","Angrath, Captain of Chaos","war","Near Mint","English","","","2025-08-06 14:22:43.397000","227","False","False","0.35"
"2","2","Angrath's Rampage","war","Near Mint","English","","","2025-08-06 14:22:43.397000","185","False","False","0.35"
"1","1","Angry Rabble","spm","Near Mint","English","","","2026-02-10 14:28:03.170000","75","False","False",""
"1","1","Anhelo, the Painter","ncc","Near Mint","English","","","2025-08-06 14:22:43.397000","1","False","False","0.99"
"1","1","Animal Sanctuary","m21","Near Mint","English","","","2025-08-06 14:22:43.397000","242","False","False","2.29"
"1","1","Animate Land","nem","Near Mint","English","","","2025-08-06 14:22:43.397000","101","False","False","0.35"
"1","1","Animating Faerie // Bring to Life","eld","Near Mint","English","","","2025-08-06 14:22:43.397000","38","False","False","0.35"
"3","3","Animation Module","kld","Near Mint","English","","","2025-11-02 18:51:05.003000","194","False","False","1.99"
"1","1","Anje Falkenrath","c19","Near Mint","English","foil","","2025-08-06 14:22:43.397000","37","False","False","1.49"
"1","1","Anje's Ravager","voc","Near Mint","English","","","2025-08-06 14:22:43.397000","141","False","False","0.69"
"1","1","Annihilating Fire","rtr","Near Mint","English","","","2025-08-06 14:22:43.397000","85","False","False","0.35"
"1","1","Annul","ths","Near Mint","English","","","2025-08-06 14:22:43.397000","38","False","False","0.35"
"1","1","Anoint with Affliction","one","Near Mint","English","","","2025-08-06 14:22:43.397000","81","False","False","3.49"
"1","1","Anointer Priest","akh","Near Mint","English","","","2025-08-06 14:22:43.397000","3","False","False","0.35"
"1","1","Anowon, the Ruin Sage","voc","Near Mint","English","","","2025-08-06 14:22:43.397000","118","False","False","2.29"
"1","1","Anthem of Rakdos","dis","Near Mint","English","","","2025-08-06 14:22:43.397000","102","False","False","0.69"
"1","1","Anthousa, Setessan Hero","ths","Near Mint","English","","","2025-08-06 14:22:43.397000","149","False","False","0.49"
"1","1","Anticausal Vestige","eoe","Near Mint","English","","","2025-08-25 14:25:56.900000","1","False","False","2.79"
"1","1","Anticipate","dtk","Near Mint","English","","","2025-08-06 14:22:43.397000","45","False","False","0.35"
"2","2","Anticipate","m20","Near Mint","English","","","2025-09-10 19:09:39.417000","45","False","False","0.35"
"1","1","Anurid Barkripper","jud","Near Mint","English","","","2025-08-06 14:22:43.397000","104","False","False","0.35"
"1","1","Anvilwrought Raptor","m20","Near Mint","English","","","2025-08-06 14:22:43.397000","221","False","False","0.35"
"1","1","Apocalypse Demon","hou","Near Mint","English","","","2025-08-06 14:22:43.397000","58","False","False","0.49"
"1","1","Apocalypse Runner","dft","Near Mint","English","","","2025-08-25 14:25:56.900000","188","False","False","0.35"
"1","1","Apostle's Blessing","mm2","Near Mint","English","","","2025-08-06 14:22:43.397000","8","False","False","0.35"
"1","1","Apothecary Geist","soi","Near Mint","English","","","2025-08-06 14:22:43.397000","4","False","False","0.35"
"1","1","Appeal // Authority","hou","Near Mint","English","","","2025-08-06 14:22:43.397000","152","False","False","0.35"
"1","1","Appeal to Eirdu","ecl","Near Mint","English","","","2026-02-10 14:28:03.170000","5","False","False",""
"1","1","Appetite for the Unnatural","kld","Near Mint","English","","","2025-08-06 14:22:43.397000","141","False","False","0.35"
"2","2","Applied Biomancy","rna","Near Mint","English","","","2025-08-06 14:22:43.397000","153","False","False","0.35"
"2","2","Aquitect's Defenses","ecl","Near Mint","English","","","2026-02-10 14:28:03.170000","44","False","False",""
"1","1","Arachnoform","khm","Near Mint","English","","","2025-08-06 14:22:43.397000","159","False","False","0.35"
"1","1","Arachnogenesis","dsc","Near Mint","English","","","2025-08-06 14:22:43.397000","169","False","False","1.79"
"1","1","Arachnus Web","2x2","Near Mint","English","","","2025-08-06 14:22:43.397000","136","False","False","0.35"
"2","2","Aradara Express","kld","Near Mint","English","","","2025-08-06 14:22:43.397000","195","False","False","0.35"
"1","1","Arashi, the Sky Asunder","c21","Near Mint","English","","","2025-08-06 14:22:43.397000","185","False","False","0.49"
"2","2","Arashin War Beast","frf","Near Mint","English","","","2025-08-06 14:22:43.397000","123","False","False","0.35"
"1","1","Arasta of the Endless Web","blc","Near Mint","English","","","2025-08-06 14:22:43.397000","205","False","False","0.79"
"4","4","Arbiter of the Ideal","bng","Near Mint","English","","","2025-08-06 14:22:43.397000","31","False","False","0.49"
"1","1","Arbor Armament","dom","Near Mint","English","","","2025-08-06 14:22:43.397000","155","False","False","0.35"
"2","2","Arbor Colossus","c15","Near Mint","English","","","2025-08-06 14:22:43.397000","174","False","False","0.49"
"1","1","Arborback Stomper","kld","Near Mint","English","","","2025-08-06 14:22:43.397000","142","False","False","0.35"
"1","1","Arborea Pegasus","afr","Near Mint","English","","","2025-08-06 14:22:43.397000","2","False","False","0.35"
"4","4","Arboreal Grazer","rvr","Near Mint","English","","","2025-08-06 14:22:43.397000","131","False","False","0.35"
"2","2","Arc Mage","nem","Near Mint","English","","","2025-08-06 14:22:43.397000","77","False","False","0.35"
"1","1","Arcades, the Strategist","m19","Near Mint","English","","","2025-08-06 14:22:43.397000","212","False","False","5.49"
"2","2","Arcane Encyclopedia","m19","Near Mint","English","","","2025-08-06 14:22:43.397000","227","False","False","0.35"
"1","1","Arcane Investigator","afr","Near Mint","English","","","2025-08-06 14:22:43.397000","46","False","False","0.35"
"1","1","Arcane Sanctum","dsc","Near Mint","English","","","2025-08-06 14:22:43.397000","259","False","False","1.29"
"2","2","Arcane Spyglass","dst","Near Mint","English","","","2025-08-06 14:22:43.397000","93","False","False","0.35"
"1","1","Arcanis the Omnipotent","fdn","Near Mint","English","","","2025-08-06 14:22:43.397000","585","False","False","0.49"
"1","1","Arcbound Bruiser","dst","Near Mint","English","","","2025-08-06 14:22:43.397000","94","False","False","0.35"
"1","1","Arcbound Javelineer","mh2","Near Mint","English","","","2025-08-06 14:22:43.397000","2","False","False","0.35"
"2","2","Arcbound Prototype","mh2","Near Mint","English","","","2025-08-06 14:22:43.397000","4","False","False","0.35"
"1","1","Arcbound Whelp","mh2","Near Mint","English","","","2025-08-06 14:22:43.397000","113","False","False","0.35"
"1","1","Arcee, Sharpshooter // Arcee, Acrobatic Coupe","bot","Near Mint","English","","","2025-08-06 14:22:43.397000","7","False","False","0.99"
"2","2","Archaeomancer","uma","Near Mint","English","","","2025-08-06 14:22:43.397000","45","False","False","0.39"
"1","1","Archangel","c13","Near Mint","English","","","2025-08-06 14:22:43.397000","5","False","False","0.35"
"1","1","Archangel of Thune","2xm","Near Mint","English","","","2025-11-02 18:24:05.310000","5","False","False","37.99"
"2","2","Archers of Qarsi","frf","Near Mint","English","","","2025-08-06 14:22:43.397000","124","False","False","0.35"
"1","1","Archers' Parapet","ktk","Near Mint","English","","","2025-08-06 14:22:43.397000","128","False","False","0.35"
"3","3","Archetype of Aggression","bng","Near Mint","English","","","2025-11-07 22:04:32.900000","88","False","False","2.29"
"1","1","Archetype of Courage","bng","Near Mint","English","","","2025-08-06 14:22:43.397000","4","False","False","2.29"
"1","1","Archetype of Courage","bng","Near Mint","English","","","2025-08-06 14:22:43.397000","4","False","False","2.29"
"1","1","Archetype of Finality","bng","Near Mint","English","","","2025-08-06 14:22:43.397000","58","False","False","1.99"
"5","5","Archetype of Imagination","dsc","Near Mint","English","","","2025-08-06 14:22:43.397000","111","False","False","1.29"
"1","1","Archfiend of Spite","c19","Near Mint","English","","","2025-08-06 14:22:43.397000","14","False","False","0.79"
"1","1","Architect of the Untamed","kld","Near Mint","English","","","2025-08-06 14:22:43.397000","143","False","False","0.49"
"1","1","Architects of Will","arc","Near Mint","English","","","2025-08-06 14:22:43.397000","77","False","False","0.79"
"3","3","Archive Trap","zen","Near Mint","English","","","2025-08-29 13:09:28.917000","41","False","False","3.99"
"3","3","Archon of Justice","m12","Near Mint","English","","","2025-08-06 14:22:43.397000","6","False","False","0.49"
"1","1","Archon of Sun's Grace","woc","Near Mint","English","","","2025-08-06 14:22:43.397000","61","False","False","1.79"
"1","1","Archon of the Triumvirate","gk2","Near Mint","English","","","2025-08-06 14:22:43.397000","7","False","False","0.49"
"3","3","Arctic Merfolk","pls","Near Mint","English","","","2025-08-06 14:22:43.397000","21","False","False","0.35"
"1","1","Ardent Electromancer","znr","Near Mint","English","","","2025-08-06 14:22:43.397000","135","False","False","0.35"
"3","3","Ardent Militia","s99","Near Mint","English","","","2025-08-06 14:22:43.397000","5","False","False","0.35"
"1","1","Ardent Soldier","inv","Near Mint","English","","","2025-08-06 14:22:43.397000","3","False","False","0.35"
"1","1","Ardenvale Tactician // Dizzying Swoop","eld","Near Mint","English","","","2025-08-06 14:22:43.397000","5","False","False","0.35"
"1","1","Arena Athlete","uma","Near Mint","English","","","2025-08-06 14:22:43.397000","123","False","False","0.35"
"4","4","Argentum Armor","afc","Near Mint","English","","","2025-08-06 14:22:43.397000","198","False","False","1.99"
"1","1","Argivian Phalanx","dmu","Near Mint","English","","","2025-08-06 14:22:43.397000","5","False","False","0.35"
"1","1","Arguel's Blood Fast // Temple of Aclazotz","xln","Near Mint","English","","","2025-08-06 14:22:43.397000","90","False","False","0.49"
"1","1","Arixmethes, Slumbering Isle","dsc","Near Mint","English","","","2025-08-06 14:22:43.397000","211","False","False","0.79"
"1","1","Arjun, the Shifting Flame","2x2","Near Mint","English","","","2025-08-06 14:22:43.397000","172","False","False","0.49"
"1","1","Arlinn, Voice of the Pack","war","Near Mint","English","","","2025-08-06 14:22:43.397000","150","False","False","0.35"
"2","2","Arlinn's Wolf","war","Near Mint","English","","","2025-08-06 14:22:43.397000","151","False","False","0.35"
"2","2","Armada Wurm","gk1","Near Mint","English","","","2025-08-06 14:22:43.397000","108","False","False","0.99"
"2","2","Armament Corps","ktk","Near Mint","English","","","2025-08-06 14:22:43.397000","165","False","False","0.35"
"2","2","Armament of Nyx","jou","Near Mint","English","","","2025-08-06 14:22:43.397000","4","False","False","0.35"
"3","3","Armed // Dangerous","dgm","Near Mint","English","","","2025-08-06 14:22:43.397000","122","False","False","0.35"
"1","1","Armguard Familiar","neo","Near Mint","English","","","2025-08-06 14:22:43.397000","46","False","False","0.35"
"1","1","Armillary Sphere","cmr","Near Mint","English","","","2025-08-06 14:22:43.397000","298","False","False","0.35"
"1","1","Armor of Thorns","mir","Near Mint","English","","","2025-08-06 14:22:43.397000","206","False","False","0.35"
"2","2","Armorcraft Judge","cmm","Near Mint","English","","","2025-08-06 14:22:43.397000","273","False","False","0.35"
"2","2","Armored Cancrix","m14","Near Mint","English","","","2025-08-06 14:22:43.397000","44","False","False","0.35"
"1","1","Armored Skaab","isd","Near Mint","English","","","2025-08-06 14:22:43.397000","43","False","False","0.35"
"2","2","Armored Transport","gtc","Near Mint","English","","","2025-08-06 14:22:43.397000","226","False","False","0.35"
"1","1","Armory Guard","rvr","Near Mint","English","","","2025-08-06 14:22:43.397000","3","False","False","0.35"
"2","2","Armory of Iroas","cmr","Near Mint","English","","","2025-08-06 14:22:43.397000","299","False","False","0.35"
"1","1","Army of the Damned","ncc","Near Mint","English","","","2025-08-06 14:22:43.397000","242","False","False","1.49"
"2","2","Arrest","rtr","Near Mint","English","","","2025-08-06 14:22:43.397000","3","False","False","0.35"
"2","2","Arrest","mmq","Near Mint","English","","","2025-08-06 14:22:43.397000","4","False","False","0.35"
"1","1","Arrogant Outlaw","mid","Near Mint","English","","","2025-08-06 14:22:43.397000","84","False","False","0.35"
"1","1","Arrogant Poet","stx","Near Mint","English","","","2025-08-06 14:22:43.397000","63","False","False","0.35"
"1","1","Arrow Storm","ktk","Near Mint","English","","","2025-08-06 14:22:43.397000","98","False","False","0.35"
"2","2","Arrow Volley Trap","ddn","Near Mint","English","","","2025-08-06 14:22:43.397000","71","False","False","0.35"
"3","3","Arrows of Justice","gtc","Near Mint","English","","","2025-08-06 14:22:43.397000","211","False","False","0.35"
"2","2","Artful Dodge","dka","Near Mint","English","","","2025-08-06 14:22:43.397000","27","False","False","0.79"
"2","2","Artful Maneuver","dtk","Near Mint","English","","","2025-08-06 14:22:43.397000","4","False","False","0.35"
"1","1","Artful Takedown","grn","Near Mint","English","","","2025-08-06 14:22:43.397000","151","False","False","0.35"
"1","1","Artifact Mutation","ncc","Near Mint","English","","","2025-08-06 14:22:43.397000","326","False","False","0.69"
"2","2","Artificer's Assistant","dom","Near Mint","English","","","2025-08-06 14:22:43.397000","44","False","False","0.35"
"1","1","Artificer's Epiphany","ddu","Near Mint","English","","","2025-08-06 14:22:43.397000","36","False","False","0.39"
"1","1","Artificer's Intuition","5dn","Near Mint","English","","","2025-08-06 14:22:43.397000","23","False","False","2.49"
"1","1","Artillery Blast","dmu","Near Mint","English","","","2025-08-06 14:22:43.397000","6","False","False","0.35"
"2","2","Artisan of Forms","ths","Near Mint","English","","","2025-08-06 14:22:43.397000","40","False","False","0.49"
"2","2","Artisan of Kozilek","f11","Near Mint","English","foil","","2025-08-06 14:22:43.397000","4","False","False","5.49"
"1","1","Artisan's Sorrow","ths","Near Mint","English","","","2025-08-06 14:22:43.397000","151","False","False","0.35"
"1","1","Arvad the Cursed","moc","Near Mint","English","","","2025-08-06 14:22:43.397000","317","False","False","0.35"
"2","2","Ascended Lawmage","cn2","Near Mint","English","","","2025-08-06 14:22:43.397000","198","False","False","0.35"
"2","2","Ascending Aven","ons","Near Mint","English","","","2025-08-06 14:22:43.397000","68","False","False","0.35"
"1","1","Ash Barrens","m3c","Near Mint","English","","","2025-08-06 14:22:43.397000","318","False","False","0.35"
"2","2","Asha's Favor","con","Near Mint","English","","","2025-08-06 14:22:43.397000","2","False","False","0.35"
"1","1","Ashen Firebeast","ody","Near Mint","English","","","2025-08-06 14:22:43.397000","174","False","False","0.49"
"1","1","Ashenmoor Cohort","shm","Near Mint","English","","","2025-08-06 14:22:43.397000","56","False","False","0.35"
"1","1","Ashen-Skin Zubera","chk","Near Mint","English","","","2025-08-06 14:22:43.397000","101","False","False","0.35"
"1","1","Ashes of the Abhorrent","xln","Near Mint","English","","","2025-08-06 14:22:43.397000","2","False","False","0.69"
"2","2","Ashiok's Adept","bng","Near Mint","English","","","2025-08-06 14:22:43.397000","59","False","False","0.35"
"3","3","Ashiok's Skulker","war","Near Mint","English","","","2025-08-06 14:22:43.397000","40","False","False","0.35"
"2","2","Ashling the Pilgrim","cmm","Near Mint","English","","","2025-08-06 14:22:43.397000","205","False","False","0.49"
"1","1","Ashnod's Intervention","bro","Near Mint","English","","","2025-08-06 14:22:43.397000","85","False","False","0.49"
"3","3","Aspect of Gorgon","jou","Near Mint","English","","","2025-08-06 14:22:43.397000","60","False","False","0.35"
"1","1","Aspect of Hydra","bng","Near Mint","English","","","2025-08-06 14:22:43.397000","117","False","False","0.35"
"1","1","Asphyxiate","bng","Near Mint","English","","","2025-08-06 14:22:43.397000","60","False","False","0.35"
"2","2","Aspirant's Ascent","one","Near Mint","English","","","2025-08-06 14:22:43.397000","40","False","False","0.35"
"1","1","Aspiring Aeronaut","ori","Near Mint","English","","","2025-08-06 14:22:43.397000","46","False","False","0.35"
"1","1","Assassinate","tsr","Near Mint","English","","","2025-08-06 14:22:43.397000","101","False","False","0.35"
"2","2","Assassin's Ink","neo","Near Mint","English","","","2025-08-06 14:22:43.397000","87","False","False","0.35"
"1","1","Assassin's Strike","bbd","Near Mint","English","","","2025-08-06 14:22:43.397000","138","False","False","0.35"
"2","2","Assault // Battery","tsb","Near Mint","English","","","2025-08-06 14:22:43.397000","106","False","False","0.35"
"1","1","Assault Formation","ima","Near Mint","English","","","2025-08-06 14:22:43.397000","155","False","False","1.79"
"1","1","Assault Griffin","gtc","Near Mint","English","","","2025-08-06 14:22:43.397000","4","False","False","0.35"
"1","1","Assault Suit","cmm","Near Mint","English","","","2025-08-06 14:22:43.397000","369","False","False","0.35"
"3","3","Assemble the Legion","rvr","Near Mint","English","","","2025-08-06 14:22:43.397000","163","False","False","0.49"
"2","2","Assemble the Rank and Vile","cn2","Near Mint","English","","","2025-08-06 14:22:43.397000","2","False","False","0.35"
"3","3","Assert Perfection","ecl","Near Mint","English","","","2026-02-10 14:28:03.170000","164","False","False",""
"1","1","Astelli Reclaimer","eoe","Near Mint","English","","","2025-08-25 14:25:56.900000","4","False","False","0.49"
"1","1","Astor, Bearer of Blades","dmu","Near Mint","English","","","2025-08-06 14:22:43.397000","293","False","False","0.49"
"1","1","Astral Drift","c20","Near Mint","English","","","2025-08-06 14:22:43.397000","76","False","False","0.49"
"1","1","Asylum Visitor","c19","Near Mint","English","","","2025-08-06 14:22:43.397000","103","False","False","0.59"
"3","3","Atarka Beastbreaker","dtk","Near Mint","English","","","2025-08-06 14:22:43.397000","174","False","False","0.35"
"1","1","Atarka Efreet","dtk","Near Mint","English","","","2025-08-06 14:22:43.397000","128","False","False","0.35"
"1","1","Atarka Monument","dtk","Near Mint","English","","","2025-08-06 14:22:43.397000","235","False","False","0.35"
"2","2","Atarka Pummeler","dtk","Near Mint","English","","","2025-08-06 14:22:43.397000","129","False","False","0.35"
"1","1","Atmosphere Surgeon","one","Near Mint","English","","","2025-08-06 14:22:43.397000","41","False","False","0.35"
"1","1","Atomic Microsizer","eoe","Near Mint","English","","","2025-08-25 14:25:56.900000","47","False","False","0.35"
"1","1","Atraxa's Skitterfang","one","Near Mint","English","","","2025-08-06 14:22:43.397000","223","False","False","0.35"
"1","1","Attended Socialite","snc","Near Mint","English","","","2025-08-06 14:22:43.397000","133","False","False","0.35"
"1","1","Attune with Aether","kld","Near Mint","English","","","2025-08-06 14:22:43.397000","145","False","False","0.35"
"1","1","Attuned Hunter","tdm","Near Mint","English","","","2025-08-25 14:25:56.900000","135","False","False","0.35"
"1","1","Atzocan Archer","xln","Near Mint","English","","","2025-08-06 14:22:43.397000","176","False","False","0.35"
"2","2","Auger Spree","2x2","Near Mint","English","","","2025-08-06 14:22:43.397000","178","False","False","0.35"
"1","1","Augur of Bolas","war","Near Mint","English","","","2025-09-10 19:10:09.427000","41","False","False","0.35"
"1","1","Augury Adept","c13","Near Mint","English","","","2025-08-06 14:22:43.397000","227","False","False","0.49"
"2","2","Auntie's Sentence","ecl","Near Mint","English","","","2026-02-10 14:28:03.170000","85","False","False",""
"1","1","Aura Gnarlid","woc","Near Mint","English","","","2025-08-06 14:22:43.397000","120","False","False","0.35"
"1","1","Aura Mutation","c16","Near Mint","English","","","2025-08-06 14:22:43.397000","180","False","False","2.79"
"1","1","Aura Mutation","ncc","Near Mint","English","","","2025-08-06 14:22:43.397000","328","False","False","2.49"
"1","1","Auramancer","dsc","Near Mint","English","","","2025-08-06 14:22:43.397000","97","False","False","0.35"
"2","2","Aurelia, the Warleader","gk1","Near Mint","English","foil","","2025-08-06 14:22:43.397000","77","False","False","14.99"
"3","3","Auriok Bladewarden","mrd","Near Mint","English","","","2025-08-06 14:22:43.397000","3","False","False","0.35"
"1","1","Auriok Sunchaser","som","Near Mint","English","","","2025-08-06 14:22:43.397000","4","False","False","0.35"
"1","1","Auriok Transfixer","mrd","Near Mint","English","","","2025-08-06 14:22:43.397000","5","False","False","0.35"
"1","1","Auron's Inspiration","fin","Near Mint","English","","","2025-08-25 14:25:56.900000","8","False","False","0.35"
"1","1","Aurora Champion","bbd","Near Mint","English","","","2025-08-06 14:22:43.397000","24","False","False","0.35"
"1","1","Autarch Mammoth","dft","Near Mint","English","","","2025-08-25 14:25:56.900000","153","False","False","0.35"
"1","1","Autochthon Wurm","rav","Near Mint","English","","","2025-08-06 14:22:43.397000","191","False","False","2.49"
"1","1","Automated Artificer","neo","Near Mint","English","","","2025-08-06 14:22:43.397000","239","False","False","0.35"
"1","1","Automatic Librarian","dmu","Near Mint","English","","","2025-08-06 14:22:43.397000","229","False","False","0.35"
"2","2","Autumnal Gloom // Ancient of the Equinox","soi","Near Mint","English","","","2025-08-06 14:22:43.397000","194","False","False","0.35"
"1","1","Auxiliary Boosters","eoe","Near Mint","English","","","2025-08-25 14:25:56.900000","5","False","False","0.35"
"1","1","Avacyn's Judgment","voc","Near Mint","English","","","2025-08-06 14:22:43.397000","142","False","False","0.49"
"1","1","Avalanche Caller","khm","Near Mint","English","","","2025-08-06 14:22:43.397000","45","False","False","0.35"
"4","4","Avarice Amulet","m15","Near Mint","English","","","2025-08-06 14:22:43.397000","212","False","False","0.59"
"1","1","Avatar of Discord","gk2","Near Mint","English","","","2025-08-06 14:22:43.397000","61","False","False","0.49"
"1","1","Avatar of Might","10e","Near Mint","English","","","2025-08-06 14:22:43.397000","251","False","False","0.99"
"1","1","Avatar of Slaughter","cmm","Near Mint","English","","","2025-08-06 14:22:43.397000","206","False","False","0.49"
"1","1","Aven Battle Priest","ori","Near Mint","English","","","2025-08-06 14:22:43.397000","6","False","False","0.35"
"1","1","Aven Cloudchaser","10e","Near Mint","English","","","2025-08-06 14:22:43.397000","7","False","False","0.35"
"1","1","Aven Eternal","war","Near Mint","English","","","2025-08-06 14:22:43.397000","42","False","False","0.35"
"1","1","Aven Redeemer","lgn","Near Mint","English","","","2025-08-06 14:22:43.397000","3","False","False","0.35"
"1","1","Aven Reedstalker","hou","Near Mint","English","","","2025-08-06 14:22:43.397000","30","False","False","0.35"
"3","3","Aven Sunstriker","dtk","Near Mint","English","","","2025-08-06 14:22:43.397000","5","False","False","0.35"
"3","3","Aven Surveyor","cmr","Near Mint","English","","","2025-08-06 14:22:43.397000","57","False","False","0.35"
"1","1","Aven Tactician","dtk","Near Mint","English","","","2025-08-06 14:22:43.397000","6","False","False","0.35"
"2","2","Aven Trooper","tor","Near Mint","English","","","2025-08-06 14:22:43.397000","2","False","False","0.35"
"2","2","Aven Warhawk","lgn","Near Mint","English","","","2025-08-06 14:22:43.397000","4","False","False","0.35"
"3","3","Aven Wind Mage","m19","Near Mint","English","","","2025-08-06 14:22:43.397000","45","False","False","0.35"
"2","2","Aven Windreader","10e","Near Mint","English","","","2025-08-06 14:22:43.397000","69","False","False","0.35"
"2","2","Aviary Mechanic","kld","Near Mint","English","","","2025-08-06 14:22:43.397000","6","False","False","0.35"
"3","3","Aviation Pioneer","m19","Near Mint","English","","","2025-08-06 14:22:43.397000","46","False","False","0.35"
"1","1","Avishkar Raceway","dft","Near Mint","English","","","2025-08-25 14:25:56.900000","249","False","False","0.35"
"1","1","Awaken the Bear","ktk","Near Mint","English","","","2025-08-06 14:22:43.397000","129","False","False","0.35"
"2","2","Awaken the Sleeper","one","Near Mint","English","","","2025-08-06 14:22:43.397000","119","False","False","0.35"
"1","1","Awakened Amalgam","rix","Near Mint","English","","","2025-08-06 14:22:43.397000","175","False","False","0.49"
"1","1","Awakened Awareness","neo","Near Mint","English","","","2025-08-06 14:22:43.397000","47","False","False","0.35"
"1","1","Awakening Zone","m3c","Near Mint","English","","","2025-08-06 14:22:43.397000","222","False","False","1.99"
"1","1","Awesome Presence","all","Near Mint","English","","","2025-08-06 14:22:43.397000","23b","False","False","0.35"
"1","1","Axebane Beast","rna","Near Mint","English","","","2025-08-06 14:22:43.397000","121","False","False","0.35"
"2","2","Axebane Guardian","rtr","Near Mint","English","","","2025-08-06 14:22:43.397000","115","False","False","0.59"
"1","1","Axgard Braggart","khm","Near Mint","English","","","2025-08-06 14:22:43.397000","1","False","False","0.35"
"1","1","Axiom Engraver","one","Near Mint","English","","","2025-08-06 14:22:43.397000","120","False","False","0.35"
"1","1","Ayli, Eternal Pilgrim","fdn","Near Mint","English","","","2025-08-06 14:22:43.397000","652","False","False","0.59"
"2","2","Azor, the Lawbringer","rix","Near Mint","English","","","2025-08-06 14:22:43.397000","154","False","False","2.29"
"2","2","Azorius Arrester","clu","Near Mint","English","","","2025-08-06 14:22:43.397000","54","False","False","0.35"
"2","2","Azorius Chancery","dsc","Near Mint","English","","","2025-08-06 14:22:43.397000","261","False","False","0.39"
"1","1","Azorius Charm","gk2","Near Mint","English","","","2025-08-06 14:22:43.397000","8","False","False","1.29"
"1","1","Azorius Cluestone","dgm","Near Mint","English","","","2025-08-06 14:22:43.397000","136","False","False","0.35"
"1","1","Azorius Guildmage","gk2","Near Mint","English","","","2025-08-06 14:22:43.397000","9","False","False","0.35"
"2","2","Azorius Herald","gk2","Near Mint","English","","","2025-08-06 14:22:43.397000","2","False","False","0.35"
"1","1","Azorius Justiciar","clu","Near Mint","English","","","2025-08-06 14:22:43.397000","55","False","False","0.35"
"2","2","Azorius Keyrune","gk2","Near Mint","English","","","2025-08-06 14:22:43.397000","23","False","False","0.39"
"1","1","Azorius Locket","voc","Near Mint","English","","","2025-08-06 14:22:43.397000","160","False","False","0.35"
"2","2","Azorius Signet","dsc","Near Mint","English","","","2025-12-03 13:17:51.167000","240","False","False","0.59"
"2","2","Azor's Elocutors","rtr","Near Mint","English","","","2025-08-06 14:22:43.397000","210","False","False","0.49"
"1","1","Azra Bladeseeker","bbd","Near Mint","English","","","2025-08-06 14:22:43.397000","55","False","False","0.35"
"1","1","Azra Oddsmaker","bbd","Near Mint","English","","","2025-08-06 14:22:43.397000","75","False","False","0.69"
"1","1","Azra Smokeshaper","mh1","Near Mint","English","","","2025-08-06 14:22:43.397000","79","False","False","0.35"
"1","1","Azure Drake","m11","Near Mint","English","","","2025-08-06 14:22:43.397000","46","False","False","0.35"
"1","1","Azusa's Many Journeys // Likeness of the Seeker","neo","Near Mint","English","","","2025-08-06 14:22:43.397000","172","False","False","0.35"
"4","4","Back to Nature","m15","Near Mint","English","","","2025-08-06 14:22:43.397000","169","False","False","0.49"
"1","1","Backdraft Hellkite","2x2","Near Mint","English","","","2025-08-06 14:22:43.397000","103","False","False","0.69"
"1","1","Backstreet Bruiser","snc","Near Mint","English","","","2025-08-06 14:22:43.397000","35","False","False","0.35"
"1","1","Backup Agent","snc","Near Mint","English","","","2025-08-06 14:22:43.397000","2","False","False","0.35"
"1","1","Backwoods Survivalists","emn","Near Mint","English","","","2025-08-06 14:22:43.397000","150","False","False","0.35"
"1","1","Bad River","mir","Near Mint","English","","","2025-08-06 14:22:43.397000","324","False","False","1.29"
"1","1","Baffling End","rix","Near Mint","English","","","2025-08-06 14:22:43.397000","1","False","False","0.35"
"1","1","Baird, Steward of Argive","blc","Near Mint","English","","","2025-08-06 14:22:43.397000","135","False","False","0.49"
"1","1","Baithook Angler // Hook-Haunt Drifter","mid","Near Mint","English","","","2025-08-06 14:22:43.397000","42","False","False","0.35"
"1","1","Balamb T-Rexaur","fin","Near Mint","English","","","2025-08-25 14:25:56.900000","173","False","False","0.35"
"1","1","Balan, Wandering Knight","cmm","Near Mint","English","","","2025-08-06 14:22:43.397000","16","False","False","0.69"
"1","1","Baleful Ammit","akh","Near Mint","English","","","2025-08-06 14:22:43.397000","79","False","False","0.35"
"1","1","Baleful Beholder","afr","Near Mint","English","","","2025-08-06 14:22:43.397000","311","False","False","0.35"
"2","2","Baleful Eidolon","ths","Near Mint","English","","","2025-08-06 14:22:43.397000","78","False","False","0.35"
"1","1","Ball Lightning","5ed","Near Mint","English","","","2025-08-06 14:22:43.397000","210","False","False","5.99"
"1","1","Ballista Charger","kld","Near Mint","English","","","2025-08-06 14:22:43.397000","196","False","False","0.35"
"2","2","Balloon Peddler","mmq","Near Mint","English","","","2025-08-06 14:22:43.397000","59","False","False","0.35"
"1","1","Ballynock Cohort","ema","Near Mint","English","","","2025-08-06 14:22:43.397000","3","False","False","0.35"
"2","2","Baloth Gorger","dom","Near Mint","English","","","2025-08-06 14:22:43.397000","156","False","False","0.35"
"2","2","Balustrade Spy","rvr","Near Mint","English","","","2025-08-06 14:22:43.397000","66","False","False","0.35"
"1","1","Bamboo Grove Archer","neo","Near Mint","English","","","2025-08-06 14:22:43.397000","173","False","False","0.35"
"2","2","Band Together","clu","Near Mint","English","","","2025-08-06 14:22:43.397000","156","False","False","0.35"
"1","1","Bane of the Living","cm2","Near Mint","English","","","2025-08-06 14:22:43.397000","58","False","False","0.49"
"1","1","Banefire","m19","Near Mint","English","","","2025-08-06 14:22:43.397000","130","False","False","1.29"
"1","1","Banehound","war","Near Mint","English","","","2025-08-06 14:22:43.397000","77","False","False","0.35"
"1","1","Baneslayer Angel","m21","Near Mint","English","","","2025-08-06 14:22:43.397000","6","False","False","2.79"
"1","1","Banisher Priest","moc","Near Mint","English","","","2025-08-06 14:22:43.397000","173","False","False","0.35"
"2","2","Banishing Knack","eve","Near Mint","English","","","2025-08-06 14:22:43.397000","17","False","False","0.99"
"1","1","Banishing Light","eoe","Near Mint","English","","","2025-08-25 14:25:56.900000","6","False","False","0.35"
"1","1","Banishing Light","fdn","Near Mint","English","","","2025-08-06 14:22:43.397000","138","False","False","0.35"
"2","2","Banishing Slash","neo","Near Mint","English","","","2025-08-06 14:22:43.397000","3","False","False","0.35"
"1","1","Banishing Stroke","c18","Near Mint","English","","","2025-08-06 14:22:43.397000","63","False","False","0.35"
"2","2","Bankrupt in Blood","rna","Near Mint","English","","","2025-08-06 14:22:43.397000","62","False","False","0.35"
"2","2","Banshee of the Dread Choir","cma","Near Mint","English","","","2025-08-06 14:22:43.397000","47","False","False","0.99"
"2","2","Bant Battlemage","ala","Near Mint","English","","","2025-08-06 14:22:43.397000","5","False","False","0.35"
"1","1","Bant Charm","2x2","Near Mint","English","","","2025-08-06 14:22:43.397000","181","False","False","0.35"
"1","1","Bant Panorama","ncc","Near Mint","English","","","2025-08-06 14:22:43.397000","387","False","False","0.49"
"1","1","Bar the Gate","afr","Near Mint","English","","","2025-08-06 14:22:43.397000","47","False","False","0.35"
"1","1","Baral, Chief of Compliance","aer","Near Mint","English","","","2025-09-10 19:10:22.067000","28","False","False","3.99"
"1","1","Barbarian Bully","jud","Near Mint","English","","","2025-08-06 14:22:43.397000","79","False","False","0.35"
"1","1","Barbarian Lunatic","ody","Near Mint","English","","","2025-08-06 14:22:43.397000","175","False","False","0.35"
"1","1","Barbarian Outcast","tor","Near Mint","English","","","2025-08-06 14:22:43.397000","92","False","False","0.35"
"1","1","Barbarian Riftcutter","rav","Near Mint","English","","","2025-08-06 14:22:43.397000","114","False","False","0.35"
"1","1","Barbed Battlegear","som","Near Mint","English","","","2025-08-06 14:22:43.397000","139","False","False","0.35"
"2","2","Barbed Field","pcy","Near Mint","English","","","2025-08-06 14:22:43.397000","83","False","False","0.35"
"1","1","Barbed Lightning","dst","Near Mint","English","","","2025-08-06 14:22:43.397000","55","False","False","0.35"
"2","2","Bark of Doran","ecl","Near Mint","English","","","2026-02-10 14:28:03.170000","6","False","False",""
"1","1","Barkshell Blessing","shm","Near Mint","English","","","2025-08-06 14:22:43.397000","224","False","False","0.35"
"1","1","Barkweave Crusher","dmu","Near Mint","English","","","2025-08-06 14:22:43.397000","154","False","False","0.35"
"1","1","Barrage of Expendables","m14","Near Mint","English","","","2025-08-06 14:22:43.397000","127","False","False","0.35"
"1","1","Barren Moor","c19","Near Mint","English","","","2025-08-06 14:22:43.397000","229","False","False","0.35"
"1","1","Barren Moor","dsc","Near Mint","English","","","2025-08-06 14:22:43.397000","262","False","False","0.35"
"1","1","Barrenton Cragtreads","shm","Near Mint","English","","","2025-08-06 14:22:43.397000","138","False","False","0.35"
"1","1","Barricade Breaker","aer","Near Mint","English","","","2025-08-06 14:22:43.397000","144","False","False","0.35"
"2","2","Barrier of Bones","grn","Near Mint","English","","","2025-08-06 14:22:43.397000","61","False","False","0.35"
"1","1","Barrin's Unmaking","inv","Near Mint","English","","","2025-08-06 14:22:43.397000","46","False","False","0.35"
"1","1","Barrow Witches","eld","Near Mint","English","","","2025-08-06 14:22:43.397000","77","False","False","0.35"
"1","1","Barrowin of Clan Undurr","afr","Near Mint","English","","","2025-08-06 14:22:43.397000","218","False","False","0.35"
"2","2","Barter in Blood","cma","Near Mint","English","","","2025-08-06 14:22:43.397000","48","False","False","0.35"
"1","1","Basal Sliver","tsp","Near Mint","English","","","2025-08-06 14:22:43.397000","96","False","False","0.99"
"2","2","Basilica Bell-Haunt","rna","Near Mint","English","","","2025-08-06 14:22:43.397000","156","False","False","0.35"
"3","3","Basilica Guards","rvr","Near Mint","English","","","2025-08-06 14:22:43.397000","7","False","False","0.35"
"1","1","Basilica Screecher","clu","Near Mint","English","","","2025-08-06 14:22:43.397000","105","False","False","0.59"
"1","1","Basilica Screecher","gtc","Near Mint","English","","","2025-08-06 14:22:43.397000","58","False","False","0.49"
"1","1","Basilisk Collar","dsc","Near Mint","English","","","2025-11-07 22:07:25.280000","241","False","False","2.49"
"1","1","Basri's Lieutenant","m21","Near Mint","English","","","2025-08-06 14:22:43.397000","9","False","False","0.49"
"1","1","Bassara Tower Archer","jou","Near Mint","English","","","2025-08-06 14:22:43.397000","117","False","False","0.35"
"3","3","Bastion Mastodon","kld","Near Mint","English","","","2025-08-06 14:22:43.397000","197","False","False","0.35"
"1","1","Bathe in Dragonfire","bbd","Near Mint","English","","","2025-08-06 14:22:43.397000","164","False","False","0.35"
"1","1","Batterbone","mh2","Near Mint","English","","","2025-08-06 14:22:43.397000","221","False","False","0.35"
"1","1","Batterhorn","rtr","Near Mint","English","","","2025-08-06 14:22:43.397000","87","False","False","0.35"
"1","1","Battering Krasis","dgm","Near Mint","English","","","2025-08-06 14:22:43.397000","41","False","False","0.35"
"1","1","Battering Sliver","tsr","Near Mint","English","","","2025-08-06 14:22:43.397000","154","False","False","0.35"
"1","1","Battle at the Bridge","aer","Near Mint","English","","","2025-08-06 14:22:43.397000","53","False","False","0.49"
"2","2","Battle Mastery","m15","Near Mint","English","","","2025-08-06 14:22:43.397000","4","False","False","0.39"
"1","1","Battle Mastery","bbd","Near Mint","English","","","2025-08-06 14:22:43.397000","89","False","False","0.49"
"1","1","Battle Plan","mh2","Near Mint","English","","","2025-08-06 14:22:43.397000","114","False","False","0.35"
"1","1","Battle Screech","onc","Near Mint","English","","","2025-08-06 14:22:43.397000","59","False","False","0.35"
"1","1","Battle Sliver","m14","Near Mint","English","","","2025-08-06 14:22:43.397000","128","False","False","0.35"
"2","2","Battlefield Butcher","bro","Near Mint","English","","","2025-08-06 14:22:43.397000","86","False","False","0.35"
"2","2","Battlefield Promotion","2x2","Near Mint","English","","","2025-08-06 14:22:43.397000","7","False","False","0.35"
"1","1","Battlefield Raptor","khm","Near Mint","English","","","2025-08-06 14:22:43.397000","3","False","False","0.35"
"3","3","Battlefield Scavenger","akh","Near Mint","English","","","2025-08-06 14:22:43.397000","118","False","False","0.35"
"1","1","Battlefield Thaumaturge","jou","Near Mint","English","","","2025-08-06 14:22:43.397000","31","False","False","0.49"
"2","2","Battlefront Krushok","clu","Near Mint","English","","","2025-08-06 14:22:43.397000","157","False","False","0.35"
"2","2","Battlegate Mimic","hop","Near Mint","English","","","2025-08-06 14:22:43.397000","98","False","False","0.35"
"1","1","Battle-Mad Ronin","chk","Near Mint","English","","","2025-08-06 14:22:43.397000","156","False","False","0.35"
"1","1","Battle-Rage Blessing","dmu","Near Mint","English","","","2025-08-06 14:22:43.397000","80","False","False","0.35"
"2","2","Battlewise Hoplite","ths","Near Mint","English","","","2025-08-06 14:22:43.397000","189","False","False","0.35"
"3","3","Battlewise Valor","ths","Near Mint","English","","","2025-08-06 14:22:43.397000","1","False","False","0.35"
"1","1","Bayou Groff","stx","Near Mint","English","","","2025-08-06 14:22:43.397000","121","False","False","0.35"
"1","1","Bazaar Krovod","rtr","Near Mint","English","","","2025-08-06 14:22:43.397000","7","False","False","0.35"
"2","2","Beacon Bolt","grn","Near Mint","English","","","2025-08-06 14:22:43.397000","154","False","False","0.35"
"1","1","Beaming Defiance","stx","Near Mint","English","","","2025-08-06 14:22:43.397000","9","False","False","0.35"
"1","1","Beamsaw Prospector","eoe","Near Mint","English","","","2025-08-25 14:25:56.900000","89","False","False","0.35"
"2","2","Beanstalk Giant // Fertile Footsteps","dsc","Near Mint","English","","","2025-08-06 14:22:43.397000","172","False","False","0.35"
"1","1","Beanstalk Giant // Fertile Footsteps","eld","Near Mint","English","","","2025-08-06 14:22:43.397000","295","False","False","0.49"
"3","3","Bearer of the Heavens","jou","Near Mint","English","","","2025-08-06 14:22:43.397000","89","False","False","0.59"
"3","3","Bear's Companion","2x2","Near Mint","English","","","2025-08-06 14:22:43.397000","182","False","False","0.35"
"4","4","Beastcaller Savant","bfz","Near Mint","English","","","2025-08-06 14:22:43.397000","170","False","False","0.99"
"2","2","Beastmaster Ascension","ncc","Near Mint","English","","","2025-08-06 14:22:43.397000","283","False","False","6.49"
"1","1","Beckon Apparition","uma","Near Mint","English","","","2025-08-06 14:22:43.397000","211","False","False","0.35"
"3","3","Become Immense","uma","Near Mint","English","","","2025-08-06 14:22:43.397000","157","False","False","0.35"
"1","1","Bedeck // Bedazzle","rvr","Near Mint","English","","","2025-08-06 14:22:43.397000","244","False","False","0.49"
"1","1","Bedevil","dmc","Near Mint","English","","","2025-08-06 14:22:43.397000","144","False","False","0.69"
"1","1","Beetle, Legacy Criminal","spm","Near Mint","English","","","2026-02-10 14:28:03.170000","26","False","False",""
"1","1","Beetleform Mage","dgm","Near Mint","English","","","2025-08-06 14:22:43.397000","54","False","False","0.35"
"2","2","Befoul","chk","Near Mint","English","","","2025-08-06 14:22:43.397000","102","False","False","0.35"
"1","1","Befriending the Moths // Imperial Moth","neo","Near Mint","English","","","2025-08-06 14:22:43.397000","4","False","False","0.35"
"1","1","Befuddle","m20","Near Mint","English","","","2025-08-06 14:22:43.397000","47","False","False","0.35"
"1","1","Behemoth Sledge","afc","Near Mint","English","","","2025-11-07 22:06:46.897000","180","False","False","0.35"
"1","1","Behind the Scenes","soi","Near Mint","English","","","2025-08-06 14:22:43.397000","100","False","False","0.35"
"2","2","Behold the Unspeakable // Vision of the Unspeakable","neo","Near Mint","English","","","2025-08-06 14:22:43.397000","48","False","False","0.35"
"1","1","Belbe's Percher","nem","Near Mint","English","","","2025-08-06 14:22:43.397000","53","False","False","0.35"
"1","1","Beledros Witherbloom","stx","Near Mint","English","","","2025-08-06 14:22:43.397000","282","False","False","9.49"
"1","1","Belfry Spirit","gk2","Near Mint","English","","","2025-08-06 14:22:43.397000","29","False","False","0.35"
"1","1","Belligerent Guest","vow","Near Mint","English","","","2025-08-06 14:22:43.397000","301","False","False","0.35"
"1","1","Belligerent Sliver","m15","Near Mint","English","","","2025-08-06 14:22:43.397000","129","False","False","0.35"
"3","3","Belligerent Whiptail","bfz","Near Mint","English","","","2025-08-06 14:22:43.397000","141","False","False","0.35"
"1","1","Bellowing Aegisaur","lcc","Near Mint","English","","","2025-08-06 14:22:43.397000","127","False","False","0.35"
"1","1","Bellowing Saddlebrute","ktk","Near Mint","English","","","2025-08-06 14:22:43.397000","64","False","False","0.35"
"2","2","Bellowing Tanglewurm","som","Near Mint","English","","","2025-08-06 14:22:43.397000","111","False","False","2.49"
"1","1","Bellows Lizard","ori","Near Mint","English","","","2025-08-06 14:22:43.397000","132","False","False","0.35"
"2","2","Belltoll Dragon","dtk","Near Mint","English","","","2025-08-06 14:22:43.397000","46","False","False","0.35"
"1","1","Belltower Sphinx","m12","Near Mint","English","","","2025-08-06 14:22:43.397000","46","False","False","0.35"
"1","1","Beloved Beggar // Generous Soul","mid","Near Mint","English","","","2025-08-06 14:22:43.397000","3","False","False","0.35"
"1","1","Belt of Giant Strength","afc","Near Mint","English","","","2025-08-06 14:22:43.397000","38","False","False","1.49"
"1","1","Benalish Emissary","inv","Near Mint","English","","","2025-08-06 14:22:43.397000","5","False","False","0.35"
"1","1","Benalish Honor Guard","dom","Near Mint","English","","","2025-08-06 14:22:43.397000","5","False","False","0.35"
"3","3","Benalish Lancer","ddg","Near Mint","English","","","2025-08-06 14:22:43.397000","12","False","False","0.35"
"2","2","Benefaction of Rhonas","akh","Near Mint","English","","","2025-08-06 14:22:43.397000","156","False","False","0.35"
"2","2","Benevolent Ancestor","ima","Near Mint","English","","","2025-08-06 14:22:43.397000","12","False","False","0.35"
"1","1","Benevolent Bodyguard","ema","Near Mint","English","","","2025-08-06 14:22:43.397000","4","False","False","1.79"
"3","3","Benthic Giant","bbd","Near Mint","English","","","2025-08-06 14:22:43.397000","113","False","False","0.35"
"1","1","Benthic Infiltrator","bfz","Near Mint","English","","","2025-08-06 14:22:43.397000","55","False","False","0.35"
"1","1","Berserk Murlodont","lgn","Near Mint","English","","","2025-08-06 14:22:43.397000","117","False","False","0.35"
"1","1","Bess, Soul Nourisher","ncc","Near Mint","English","","","2025-08-06 14:22:43.397000","67","False","False","0.59"
"1","1","Bewildering Blizzard","tdm","Near Mint","English","","","2025-08-25 14:25:56.900000","38","False","False","0.35"
"1","1","Beyeen Veil // Beyeen Coast","znr","Near Mint","English","","","2025-08-06 14:22:43.397000","46","False","False","0.35"
"1","1","Biblioplex Assistant","stx","Near Mint","English","","","2025-08-06 14:22:43.397000","251","False","False","0.35"
"1","1","Bident of Thassa","c15","Near Mint","English","","","2025-08-29 13:07:02.600000","86","False","False",""
"1","1","Big Boa Constrictor","ust","Near Mint","English","","","2025-08-06 14:22:43.397000","51","False","False","0.35"
"1","1","Big Game Hunter","tsr","Near Mint","English","","","2025-08-06 14:22:43.397000","102","False","False","0.69"
"1","1","Big Score","blc","Near Mint","English","","","2025-08-06 14:22:43.397000","193","False","False","1.99"
"1","1","Bile-Vial Boggart","ecl","Near Mint","English","","","2026-02-10 14:28:03.170000","87","False","False",""
"1","1","Bind the Monster","khm","Near Mint","English","","","2025-08-06 14:22:43.397000","48","False","False","0.35"
"1","1","Binding Agony","mir","Near Mint","English","","","2025-08-06 14:22:43.397000","106","False","False","0.35"
"1","1","Binding the Old Gods","dsc","Near Mint","English","","","2025-08-06 14:22:43.397000","213","False","False","0.35"
"1","1","Biomantic Mastery","c15","Near Mint","English","","","2025-08-06 14:22:43.397000","239","False","False","0.49"
"1","1","Biomass Mutation","pip","Near Mint","English","","","2025-08-25 14:25:56.900000","212","False","False","0.49"
"3","3","Biomass Mutation","dsc","Near Mint","English","","","2025-08-06 14:22:43.397000","214","False","False","0.49"
"1","1","Biomathematician","stx","Near Mint","English","","","2025-08-06 14:22:43.397000","164","False","False","0.35"
"1","1","Bioshift","gtc","Near Mint","English","","","2025-08-06 14:22:43.397000","214","False","False","0.35"
"1","1","Bird Admirer // Wing Shredder","mid","Near Mint","English","","","2025-08-06 14:22:43.397000","169","False","False","0.35"
"1","1","Birthday Escape","ltr","Near Mint","English","","","2025-08-25 14:25:56.900000","43","False","False","0.35"
"1","1","Birthing Hulk","ogw","Near Mint","English","","","2025-08-06 14:22:43.397000","121","False","False","0.35"
"1","1","Bishop of Rebirth","xln","Near Mint","English","","","2025-08-06 14:22:43.397000","5","False","False","0.69"
"1","1","Bishop's Soldier","fdn","Near Mint","English","","","2025-08-06 14:22:43.397000","491","False","False","0.69"
"1","1","Bite Down","fdn","Near Mint","English","","","2025-08-06 14:22:43.397000","212","False","False","0.35"
"1","1","Bite of the Black Rose","cns","Near Mint","English","","","2025-08-06 14:22:43.397000","26","False","False","0.99"
"1","1","Biting Rain","soi","Near Mint","English","","","2025-08-06 14:22:43.397000","102","False","False","0.35"
"1","1","Biting-Palm Ninja","neo","Near Mint","English","","","2025-08-06 14:22:43.397000","88","False","False","0.59"
"1","1","Bitter Feud","cm2","Near Mint","English","","","2025-08-06 14:22:43.397000","84","False","False","0.99"
"2","2","Bitter Revelation","cmr","Near Mint","English","","","2025-08-06 14:22:43.397000","109","False","False","0.35"
"4","4","Bitterblade Warrior","akh","Near Mint","English","","","2025-08-06 14:22:43.397000","157","False","False","0.35"
"2","2","Bitterbow Sharpshooters","hou","Near Mint","English","","","2025-08-06 14:22:43.397000","112","False","False","0.35"
"1","1","Bitterheart Witch","isd","Near Mint","English","","","2025-08-06 14:22:43.397000","88","False","False","0.35"
"1","1","Black Cat","m15","Near Mint","English","","","2025-08-06 14:22:43.397000","86","False","False","0.35"
"1","1","Black Knight","m11","Near Mint","English","","","2025-08-06 14:22:43.397000","83","False","False","0.35"
"2","2","Black Oak of Odunos","bng","Near Mint","English","","","2025-08-06 14:22:43.397000","62","False","False","0.35"
"1","1","Blackblade Reforged","dmc","Near Mint","English","","","2025-08-06 14:22:43.397000","178","False","False","1.99"
"1","1","Blacklance Paragon","eld","Near Mint","English","","","2025-08-06 14:22:43.397000","79","False","False","0.49"
"1","1","Blacksmith's Skill","mh2","Near Mint","English","","","2025-08-06 14:22:43.397000","6","False","False","0.35"
"1","1","Blade Instructor","grn","Near Mint","English","","","2025-08-06 14:22:43.397000","1","False","False","0.35"
"1","1","Blade Juggler","clu","Near Mint","English","","","2025-08-06 14:22:43.397000","106","False","False","0.35"
"1","1","Blade of Selves","cm2","Near Mint","English","","","2025-08-06 14:22:43.397000","174","False","False","4.49"
"1","1","Blade-Blizzard Kitsune","neo","Near Mint","English","","","2025-08-06 14:22:43.397000","331","False","False","0.35"
"1","1","Bladebrand","mid","Near Mint","English","","","2025-08-06 14:22:43.397000","87","False","False","0.35"
"1","1","Blade-Tribe Berserkers","som","Near Mint","English","","","2025-08-06 14:22:43.397000","84","False","False","0.35"
"1","1","Bladetusk Boar","jou","Near Mint","English","","","2025-08-06 14:22:43.397000","90","False","False","0.35"
"1","1","Blanchwood Armor","fdn","Near Mint","English","","","2025-08-06 14:22:43.397000","213","False","False","0.35"
"2","2","Blanchwood Armor","m19","Near Mint","English","","","2025-08-06 14:22:43.397000","169","False","False","0.35"
"1","1","Blanchwood Treefolk","usg","Near Mint","English","","","2025-08-06 14:22:43.397000","238","False","False","0.35"
"1","1","Blaring Captain","bbd","Near Mint","English","","","2025-08-06 14:22:43.397000","14","False","False","0.35"
"1","1","Blaring Recruiter","bbd","Near Mint","English","","","2025-08-06 14:22:43.397000","13","False","False","0.35"
"1","1","Blast Zone","war","Near Mint","English","","","2025-08-06 14:22:43.397000","244","False","False","0.49"
"1","1","Blastfire Bolt","m15","Near Mint","English","","","2025-08-06 14:22:43.397000","130","False","False","0.35"
"2","2","Blastoderm","nem","Near Mint","English","","","2025-08-06 14:22:43.397000","102","False","False","0.35"
"1","1","Blazethorn Scarecrow","shm","Near Mint","English","","","2025-08-06 14:22:43.397000","246","False","False","0.35"
"1","1","Blazing Hellhound","2x2","Near Mint","English","","","2025-08-06 14:22:43.397000","183","False","False","0.35"
"2","2","Blazing Hope","rix","Near Mint","English","","","2025-08-06 14:22:43.397000","3","False","False","0.35"
"2","2","Blazing Volley","akh","Near Mint","English","","","2025-08-06 14:22:43.397000","119","False","False","0.35"
"1","1","Bleed Dry","vow","Near Mint","English","","","2025-08-06 14:22:43.397000","94","False","False","0.35"
"1","1","Bleeding Edge","war","Near Mint","English","","","2025-08-06 14:22:43.397000","78","False","False","0.35"
"1","1","Blessed Alliance","emn","Near Mint","English","","","2025-08-06 14:22:43.397000","13","False","False","0.35"
"1","1","Blessed Breath","chk","Near Mint","English","","","2025-08-06 14:22:43.397000","1","False","False","0.35"
"1","1","Blessed Reincarnation","dtk","Near Mint","English","","","2025-08-06 14:22:43.397000","47","False","False","0.49"
"2","2","Blessed Respite","mh2","Near Mint","English","","","2025-08-06 14:22:43.397000","150","False","False","0.69"
"1","1","Blessed Spirits","ori","Near Mint","English","","","2025-08-06 14:22:43.397000","7","False","False","0.35"
"1","1","Blessing","m14","Near Mint","English","","","2025-08-06 14:22:43.397000","8","False","False","0.35"
"1","1","Blight","6ed","Near Mint","English","","","2025-08-06 14:22:43.397000","113","False","False","0.35"
"1","1","Blight Keeper","xln","Near Mint","English","","","2025-08-06 14:22:43.397000","92","False","False","0.35"
"1","1","Blight Rot","ecl","Near Mint","English","","","2026-02-10 14:28:03.170000","89","False","False",""
"2","2","Blightcaster","ori","Near Mint","English","","","2025-08-06 14:22:43.397000","85","False","False","0.35"
"2","2","Blighted Blackthorn","ecl","Near Mint","English","","","2026-02-10 14:28:03.170000","90","False","False",""
"1","1","Blighted Shaman","6ed","Near Mint","English","","","2025-08-06 14:22:43.397000","114","False","False","0.35"
"1","1","Blighted Woodland","clb","Near Mint","English","","","2025-08-06 14:22:43.397000","881","False","False","0.69"
"1","1","Blind Creeper","5dn","Near Mint","English","","","2025-08-06 14:22:43.397000","42","False","False","0.35"
"1","1","Blindblast","war","Near Mint","English","","","2025-08-06 14:22:43.397000","114","False","False","0.35"
"2","2","Blinding Flare","jou","Near Mint","English","","","2025-08-06 14:22:43.397000","91","False","False","0.35"
"1","1","Blinding Spray","ktk","Near Mint","English","","","2025-08-06 14:22:43.397000","32","False","False","0.35"
"1","1","Blind-Spot Giant","mma","Near Mint","English","","","2025-08-06 14:22:43.397000","105","False","False","0.35"
"1","1","Blink Dog","afr","Near Mint","English","","","2025-08-06 14:22:43.397000","3","False","False","0.35"
"1","1","Blister Beetle","ala","Near Mint","English","","","2025-08-06 14:22:43.397000","66","False","False","0.35"
"1","1","Blistering Dieflyn","shm","Near Mint","English","","","2025-08-06 14:22:43.397000","82","False","False","0.35"
"1","1","Blitz Automaton","bro","Near Mint","English","","","2025-08-06 14:22:43.397000","158","False","False","0.35"
"1","1","Blitzball Shot","fin","Near Mint","English","","","2025-08-25 14:25:56.900000","176","False","False","0.35"
"1","1","Blizzard Brawl","khm","Near Mint","English","","","2025-08-06 14:22:43.397000","162","False","False","0.35"
"1","1","Bloatfly Swarm","pip","Near Mint","English","","","2025-08-25 14:25:56.900000","42","False","False","0.35"
"2","2","Blockade Runner","mmq","Near Mint","English","","","2025-08-06 14:22:43.397000","60","False","False","0.35"
"1","1","Blockbuster","rav","Near Mint","English","","","2025-08-06 14:22:43.397000","115","False","False","0.35"
"1","1","Blood Bairn","cma","Near Mint","English","","","2025-08-06 14:22:43.397000","49","False","False","0.35"
"1","1","Blood Beckoning","znr","Near Mint","English","","","2025-08-06 14:22:43.397000","92","False","False","0.35"
"2","2","Blood Divination","m19","Near Mint","English","","","2025-08-06 14:22:43.397000","86","False","False","0.35"
"1","1","Blood Fountain","vow","Near Mint","English","","","2025-08-06 14:22:43.397000","95","False","False","0.59"
"1","1","Blood Funnel","rav","Near Mint","English","","","2025-08-06 14:22:43.397000","77","False","False","0.99"
"2","2","Blood Host","m15","Near Mint","English","","","2025-08-06 14:22:43.397000","87","False","False","0.35"
"1","1","Blood Hypnotist","vow","Near Mint","English","","","2025-08-06 14:22:43.397000","302","False","False","0.35"
"1","1","Blood Mist","emn","Near Mint","English","","","2025-08-06 14:22:43.397000","119","False","False","0.49"
"1","1","Blood Operative","grn","Near Mint","English","","","2025-08-06 14:22:43.397000","63","False","False","0.49"
"1","1","Blood Pet","7ed","Near Mint","English","","","2025-08-06 14:22:43.397000","121","False","False","0.99"
"1","1","Blood Petal Celebrant","vow","Near Mint","English","","","2025-08-06 14:22:43.397000","303","False","False","0.35"
"1","1","Blood Reckoning","m13","Near Mint","English","","","2025-08-06 14:22:43.397000","81","False","False","0.35"
"1","1","Blood Servitor","vow","Near Mint","English","","","2025-08-06 14:22:43.397000","252","False","False","0.35"
"1","1","Blood Tithe","m11","Near Mint","English","","","2025-08-06 14:22:43.397000","84","False","False","0.35"
"2","2","Bloodbond Vampire","e02","Near Mint","English","","","2025-08-06 14:22:43.397000","15","False","False","0.35"
"2","2","Bloodbriar","2xm","Near Mint","English","","","2025-08-06 14:22:43.397000","154","False","False","0.35"
"1","1","Bloodcrazed Hoplite","jou","Near Mint","English","","","2025-08-06 14:22:43.397000","61","False","False","0.35"
"1","1","Bloodcrazed Socialite","vow","Near Mint","English","","","2025-08-06 14:22:43.397000","288","False","False","0.35"
"1","1","Bloodfire Expert","ktk","Near Mint","English","","","2025-08-06 14:22:43.397000","101","False","False","0.35"
"1","1","Bloodfire Infusion","apc","Near Mint","English","","","2025-08-06 14:22:43.397000","57","False","False","0.35"
"1","1","Bloodfire Kavu","ddi","Near Mint","English","","","2025-08-06 14:22:43.397000","54","False","False","0.35"
"1","1","Bloodfire Mentor","ktk","Near Mint","English","","","2025-08-06 14:22:43.397000","102","False","False","0.35"
"1","1","Bloodflow Connoisseur","2x2","Near Mint","English","","","2025-08-06 14:22:43.397000","71","False","False","0.35"
"1","1","Bloodforged Battle-Axe","moc","Near Mint","English","","","2025-08-06 14:22:43.397000","349","False","False","0.79"
"1","1","Bloodhall Priest","c19","Near Mint","English","","","2025-08-06 14:22:43.397000","188","False","False","0.49"
"1","1","Bloodhaze Wolverine","eld","Near Mint","English","","","2025-08-06 14:22:43.397000","113","False","False","0.35"
"1","1","Bloodline Bidding","ecl","Near Mint","English","","","2026-02-10 14:28:03.170000","91","False","False",""
"1","1","Bloodlust Inciter","akh","Near Mint","English","","","2025-08-06 14:22:43.397000","120","False","False","0.35"
"1","1","Bloodpyre Elemental","ala","Near Mint","English","","","2025-08-06 14:22:43.397000","93","False","False","0.35"
"1","1","Bloodrage Brawler","akh","Near Mint","English","","","2025-08-06 14:22:43.397000","121","False","False","0.35"
"1","1","Bloodstoke Howler","lgn","Near Mint","English","","","2025-08-06 14:22:43.397000","89","False","False","0.35"
"1","1","Bloodstone Goblin","dom","Near Mint","English","","","2025-08-06 14:22:43.397000","115","False","False","0.35"
"1","1","Bloodsworn Steward","voc","Near Mint","English","","","2025-08-06 14:22:43.397000","144","False","False","0.99"
"1","1","Bloodtallow Candle","dom","Near Mint","English","","","2025-08-06 14:22:43.397000","212","False","False","0.35"
"1","1","Bloodthirsty Adversary","otc","Near Mint","English","","","2025-08-06 14:22:43.397000","157","False","False","0.99"
"1","1","Bloodthirsty Blade","mkc","Near Mint","English","","","2025-08-06 14:22:43.397000","225","False","False","0.49"
"1","1","Bloodthirsty Ogre","chk","Near Mint","English","","","2025-08-06 14:22:43.397000","104","False","False","0.35"
"1","1","Bloodthrone Vampire","ddp","Near Mint","English","","","2025-08-06 14:22:43.397000","46","False","False","0.35"
"1","1","Bloodtithe Harvester","vow","Near Mint","English","","","2025-08-06 14:22:43.397000","310","False","False","0.35"
"1","1","Bloodwater Entity","2x2","Near Mint","English","","","2025-08-06 14:22:43.397000","185","False","False","0.35"
"4","4","Bloom Hulk","war","Near Mint","English","","","2025-08-06 14:22:43.397000","154","False","False","0.35"
"1","1","Blooming Stinger","eoe","Near Mint","English","","","2025-08-25 14:25:56.900000","174","False","False","0.35"
"2","2","Blossom Dryad","xln","Near Mint","English","","","2025-08-06 14:22:43.397000","178","False","False","0.35"
"2","2","Blossombind","ecl","Near Mint","English","","","2026-02-10 14:28:03.170000","45","False","False",""
"1","1","Blossoming Defense","kld","Near Mint","English","","","2025-08-06 14:22:43.397000","146","False","False","1.29"
"1","1","Blossoming Sands","blb","Near Mint","English","","","2025-08-06 14:22:43.397000","396","False","False","0.35"
"2","2","Blow Your House Down","eld","Near Mint","English","","","2025-08-06 14:22:43.397000","114","False","False","0.35"
"1","1","Blue Dragon","afr","Near Mint","English","","","2025-08-06 14:22:43.397000","49","False","False","0.35"
"1","1","Blunt the Assault","som","Near Mint","English","","","2025-08-06 14:22:43.397000","113","False","False","0.35"
"2","2","Blur of Blades","hou","Near Mint","English","","","2025-08-06 14:22:43.397000","84","False","False","0.35"
"1","1","Blur Sliver","m14","Near Mint","English","","","2025-08-06 14:22:43.397000","129","False","False","0.35"
"1","1","Blustersquall","c15","Near Mint","English","","","2025-08-06 14:22:43.397000","89","False","False","0.99"
"1","1","Board the Weatherlight","dom","Near Mint","English","","","2025-08-06 14:22:43.397000","8","False","False","0.35"
"1","1","Body Count","ncc","Near Mint","English","","","2025-08-06 14:22:43.397000","34","False","False","1.79"
"1","1","Body Double","cmm","Near Mint","English","","","2025-08-06 14:22:43.397000","75","False","False","0.35"
"1","1","Body Dropper","snc","Near Mint","English","","","2025-08-06 14:22:43.397000","168","False","False","0.35"
"1","1","Bog Badger","dmu","Near Mint","English","","","2025-08-06 14:22:43.397000","156","False","False","0.35"
"1","1","Bog Gnarr","apc","Near Mint","English","","","2025-08-06 14:22:43.397000","76","False","False","0.35"
"1","1","Bog Raiders","m11","Near Mint","English","","","2025-08-06 14:22:43.397000","86","False","False","0.35"
"5","5","Bog Smugglers","mmq","Near Mint","English","","","2025-08-06 14:22:43.397000","117","False","False","0.35"
"1","1","Bog Witch","arc","Near Mint","English","","","2025-08-06 14:22:43.397000","11","False","False","4.49"
"1","1","Bog Wraith","9ed","Near Mint","English","","","2025-08-06 14:22:43.397000","117","False","False","0.35"
"1","1","Boggart Arsonists","shm","Near Mint","English","","","2025-08-06 14:22:43.397000","85","False","False","0.35"
"1","1","Boggart Brute","m19","Near Mint","English","","","2025-08-06 14:22:43.397000","131","False","False","0.35"
"1","1","Boggart Forager","lrw","Near Mint","English","","","2025-08-06 14:22:43.397000","154","False","False","0.35"
"1","1","Boggart Mischief","ecl","Near Mint","English","","","2026-02-10 14:28:03.170000","92","False","False",""
"3","3","Boggart Prankster","ecl","Near Mint","English","","","2026-02-10 14:28:03.170000","93","False","False",""
"1","1","Boiling Earth","bfz","Near Mint","English","","","2025-08-06 14:22:43.397000","142","False","False","0.35"
"2","2","Bola Warrior","nem","Near Mint","English","","","2025-08-06 14:22:43.397000","78","False","False","0.35"
"1","1","Bold Impaler","emn","Near Mint","English","","","2025-08-06 14:22:43.397000","120","False","False","0.35"
"1","1","Boldwyr Aggressor","ecl","Near Mint","English","","","2026-02-10 14:28:03.170000","125","False","False",""
"1","1","Boldwyr Intimidator","bbd","Near Mint","English","","","2025-08-06 14:22:43.397000","169","False","False","0.35"
"2","2","Bolt of Keranos","bng","Near Mint","English","","","2025-08-06 14:22:43.397000","89","False","False","0.35"
"1","1","Bomat Bazaar Barge","kld","Near Mint","English","","","2025-08-06 14:22:43.397000","198","False","False","0.35"
"2","2","Bomber Corps","rvr","Near Mint","English","","","2025-08-06 14:22:43.397000","102","False","False","0.35"
"1","1","Bond of Discipline","war","Near Mint","English","","","2025-08-06 14:22:43.397000","6","False","False","0.35"
"2","2","Bond of Flourishing","war","Near Mint","English","","","2025-08-06 14:22:43.397000","155","False","False","0.35"
"1","1","Bond of Insight","war","Near Mint","English","","","2025-08-06 14:22:43.397000","43","False","False","0.35"
"2","2","Bond of Passion","war","Near Mint","English","","","2025-08-06 14:22:43.397000","116","False","False","0.35"
"2","2","Bond of Revival","war","Near Mint","English","","","2025-08-06 14:22:43.397000","80","False","False","0.35"
"1","1","Bonded Construct","ori","Near Mint","English","","","2025-08-06 14:22:43.397000","223","False","False","0.35"
"2","2","Bonder's Ornament","cmm","Near Mint","English","","","2025-08-06 14:22:43.397000","370","False","False","0.35"
"1","1","Bonds of Faith","ddq","Near Mint","English","","","2025-08-06 14:22:43.397000","2","False","False","0.35"
"1","1","Bonds of Quicksilver","cn2","Near Mint","English","","","2025-08-06 14:22:43.397000","102","False","False","0.35"
"1","1","Bone Harvest","mir","Near Mint","English","","","2025-08-06 14:22:43.397000","108","False","False","0.35"
"1","1","Bone Pit Brute","m21","Near Mint","English","","","2025-08-06 14:22:43.397000","132","False","False","0.35"
"1","1","Bone Saw","con","Near Mint","English","","","2025-08-06 14:22:43.397000","135","False","False","0.35"
"1","1","Bone Saw","ogw","Near Mint","English","","","2025-08-06 14:22:43.397000","161","False","False","0.35"
"1","1","Bone Shards","mh2","Near Mint","English","","","2025-08-06 14:22:43.397000","76","False","False","0.35"
"1","1","Bone Shredder","moc","Near Mint","English","","","2025-08-06 14:22:43.397000","247","False","False","0.35"
"5","5","Bone to Ash","m20","Near Mint","English","","","2025-08-06 14:22:43.397000","48","False","False","0.35"
"3","3","Boneclub Berserker","ecl","Near Mint","English","","","2026-02-10 14:28:03.170000","126","False","False",""
"1","1","Bonepicker Skirge","one","Near Mint","English","","","2025-08-06 14:22:43.397000","290","False","False","0.35"
"1","1","Boneyard Parley","c19","Near Mint","English","","","2025-08-06 14:22:43.397000","107","False","False","0.99"
"1","1","Boneyard Wurm","uma","Near Mint","English","","","2025-08-06 14:22:43.397000","159","False","False","0.35"
"1","1","Bontu's Monument","dmc","Near Mint","English","","","2025-08-06 14:22:43.397000","179","False","False","9.49"
"1","1","Boom Scholar","dft","Near Mint","English","","","2025-08-25 14:25:56.900000","189","False","False","0.35"
"1","1","Boon of Emrakul","emn","Near Mint","English","","","2025-08-06 14:22:43.397000","81","False","False","0.35"
"1","1","Boon of Erebos","ths","Near Mint","English","","","2025-08-06 14:22:43.397000","80","False","False","0.35"
"1","1","Boon of Safety","snc","Near Mint","English","","","2025-08-06 14:22:43.397000","4","False","False","0.35"
"1","1","Boon of the Wish-Giver","iko","Near Mint","English","","","2025-08-06 14:22:43.397000","43","False","False","0.35"
"1","1","Boon Reflection","shm","Near Mint","English","","","2025-08-06 14:22:43.397000","5","False","False","11.99"
"1","1","Boon Satyr","c18","Near Mint","English","","","2025-08-06 14:22:43.397000","132","False","False","0.49"
"4","4","Boonweaver Giant","m15","Near Mint","English","","","2025-08-06 14:22:43.397000","5","False","False","0.35"
"1","1","Borborygmos","gk2","Near Mint","English","","","2025-08-06 14:22:43.397000","87","False","False","0.69"
"2","2","Border Patrol","jud","Near Mint","English","","","2025-08-06 14:22:43.397000","6","False","False","0.35"
"1","1","Boreal Outrider","khm","Near Mint","English","","","2025-08-06 14:22:43.397000","163","False","False","0.35"
"1","1","Boreas Charger","voc","Near Mint","English","","","2025-08-06 14:22:43.397000","79","False","False","0.49"
"2","2","Boros Battleshaper","dgm","Near Mint","English","","","2025-08-06 14:22:43.397000","58","False","False","0.49"
"1","1","Boros Charm","otc","Near Mint","English","","","2025-08-06 14:22:43.397000","216","False","False","5.99"
"2","2","Boros Cluestone","cm2","Near Mint","English","","","2025-08-06 14:22:43.397000","175","False","False","0.39"
"3","3","Boros Elite","rvr","Near Mint","English","","","2025-08-06 14:22:43.397000","10","False","False","0.35"
"1","1","Boros Garrison","clu","Near Mint","English","","","2025-08-06 14:22:43.397000","231","False","False","0.39"
"1","1","Boros Keyrune","gk1","Near Mint","English","","","2025-08-06 14:22:43.397000","96","False","False","0.35"
"2","2","Boros Locket","c21","Near Mint","English","","","2025-08-06 14:22:43.397000","236","False","False","0.39"
"1","1","Boros Reckoner","mkc","Near Mint","English","","","2025-08-06 14:22:43.397000","201","False","False","0.49"
"2","2","Boros Recruit","rav","Near Mint","English","","","2025-08-06 14:22:43.397000","243","False","False","0.35"
"5","5","Boros Signet","clu","Near Mint","English","","","2025-08-06 14:22:43.397000","220","False","False","1.29"
"1","1","Boros Swiftblade","gk1","Near Mint","English","","","2025-08-06 14:22:43.397000","86","False","False","0.35"
"3","3","Borrowed Grace","emn","Near Mint","English","","","2025-08-06 14:22:43.397000","14","False","False","0.35"
"1","1","Borrowed Malevolence","emn","Near Mint","English","","","2025-08-06 14:22:43.397000","82","False","False","0.35"
"1","1","Bosh, Iron Golem","c21","Near Mint","English","","","2025-08-06 14:22:43.397000","237","False","False","0.49"
"1","1","Bottled Cloister","rvr","Near Mint","English","","","2025-08-06 14:22:43.397000","252","False","False","0.49"
"2","2","Boulder Dash","ecl","Near Mint","English","","","2026-02-10 14:28:03.170000","127","False","False",""
"1","1","Boulder Salvo","ogw","Near Mint","English","","","2025-08-06 14:22:43.397000","102","False","False","0.35"
"1","1","Boulderborn Dragon","tdm","Near Mint","English","","","2025-08-25 14:25:56.900000","239","False","False","0.35"
"2","2","Boulderbranch Golem","bro","Near Mint","English","","","2025-08-06 14:22:43.397000","197","False","False","0.35"
"1","1","Bounce Off","dft","Near Mint","English","","","2025-08-25 14:25:56.900000","39","False","False","0.35"
"1","1","Bound by Moonsilver","soi","Near Mint","English","","","2025-08-06 14:22:43.397000","7","False","False","0.35"
"1","1","Bound in Silence","tsr","Near Mint","English","","","2025-08-06 14:22:43.397000","10","False","False","0.35"
"1","1","Bounty Agent","c20","Near Mint","English","","","2025-08-06 14:22:43.397000","78","False","False","0.49"
"1","1","Bounty of Might","grn","Near Mint","English","","","2025-08-06 14:22:43.397000","124","False","False","0.49"
"1","1","Bounty of the Luxa","2x2","Near Mint","English","","","2025-08-06 14:22:43.397000","187","False","False","0.35"
"1","1","Bow of Nylea","ths","Near Mint","English","","","2025-08-06 14:22:43.397000","153","False","False","5.49"
"1","1","Brackish Trudge","stx","Near Mint","English","","","2025-08-06 14:22:43.397000","65","False","False","0.35"
"1","1","Brago's Favor","cns","Near Mint","English","","","2025-08-06 14:22:43.397000","3","False","False","0.35"
"2","2","Brainspoil","rav","Near Mint","English","","","2025-08-06 14:22:43.397000","78","False","False","0.35"
"1","1","Brainstorm","dsc","Near Mint","English","","","2025-08-06 14:22:43.397000","113","False","False","2.79"
"1","1","Brallin, Skyshark Rider","c20","Near Mint","English","","","2025-08-06 14:22:43.397000","4","False","False","3.49"
"2","2","Bramble Armor","vow","Near Mint","English","","","2025-08-06 14:22:43.397000","188","False","False","0.35"
"1","1","Bramble Armor","vow","Near Mint","English","","","2025-08-06 14:22:43.397000","188","False","False","0.35"
"1","1","Bramble Wurm","vow","Near Mint","English","","","2025-08-06 14:22:43.397000","189","False","False","0.35"
"1","1","Brambleback Brute","ecl","Near Mint","English","","","2026-02-10 14:28:03.170000","128","False","False",""
"1","1","Bramblecrush","m14","Near Mint","English","","","2025-08-06 14:22:43.397000","165","False","False","0.35"
"1","1","Bramblewood Paragon","mor","Near Mint","English","","","2025-08-06 14:22:43.397000","115","False","False","3.99"
"1","1","Branchblight Stalker","one","Near Mint","English","","","2025-08-06 14:22:43.397000","160","False","False","0.35"
"1","1","Branded Brawlers","pcy","Near Mint","English","","","2025-08-06 14:22:43.397000","84","False","False","0.35"
"1","1","Brass Secretary","uds","Near Mint","English","","","2025-08-06 14:22:43.397000","128","False","False","0.35"
"1","1","Brass Squire","cmr","Near Mint","English","","","2025-08-06 14:22:43.397000","460","False","False","0.79"
"1","1","Brave the Elements","c14","Near Mint","English","","","2025-08-06 14:22:43.397000","66","False","False","0.79"
"1","1","Brave the Sands","cm2","Near Mint","English","","","2025-08-06 14:22:43.397000","19","False","False","7.49"
"1","1","Brawl-Bash Ogre","m19","Near Mint","English","","","2025-08-06 14:22:43.397000","213","False","False","0.35"
"3","3","Brawler's Plate","ori","Near Mint","English","","","2025-08-06 14:22:43.397000","224","False","False","0.35"
"1","1","Brawn","m3c","Near Mint","English","","","2025-08-06 14:22:43.397000","224","False","False","0.49"
"1","1","Brazen Upstart","snc","Near Mint","English","","","2025-08-06 14:22:43.397000","296","False","False","0.35"
"1","1","Brazen Wolves","emn","Near Mint","English","","","2025-08-06 14:22:43.397000","122","False","False","0.35"
"2","2","Breaching Hippocamp","ths","Near Mint","English","","","2025-08-06 14:22:43.397000","43","False","False","0.35"
"1","1","Break Ties","mh2","Near Mint","English","","","2025-08-06 14:22:43.397000","8","False","False","0.35"
"1","1","Breaker of Armies","bfz","Near Mint","English","","","2025-08-06 14:22:43.397000","3","False","False","0.39"
"1","1","Breath of Darigaaz","cm2","Near Mint","English","","","2025-08-06 14:22:43.397000","88","False","False","0.35"
"2","2","Breath of Fury","c16","Near Mint","English","","","2025-08-06 14:22:43.397000","121","False","False","12.99"
"2","2","Bred for the Hunt","cm2","Near Mint","English","","","2025-08-06 14:22:43.397000","151","False","False","0.99"
"3","3","Briar Patch","mmq","Near Mint","English","","","2025-08-06 14:22:43.397000","232","False","False","0.35"
"1","1","Briarberry Cohort","shm","Near Mint","English","","","2025-08-06 14:22:43.397000","30","False","False","0.35"
"1","1","Briarbridge Patrol","soi","Near Mint","English","","","2025-08-06 14:22:43.397000","195","False","False","0.35"
"1","1","Briarbridge Tracker","mid","Near Mint","English","","","2025-08-06 14:22:43.397000","172","False","False","0.49"
"1","1","Briarpack Alpha","m14","Near Mint","English","","","2025-08-06 14:22:43.397000","166","False","False","0.35"
"1","1","Bride's Gown","vow","Near Mint","English","","","2025-08-06 14:22:43.397000","4","False","False","0.35"
